4018 5606
1076 348 1115 413 18

993 437 1199 446 -—-———-

606 553 673 619 Sed
704 560 827 635 quanta
854 560 888 618 et
916 571 1013 634 quam
1044 551 1306 620 commiserando
1334 553 1399 618 ista
1430 552 1594 618 Euclionis
1618 573 1685 637 pen-

500 655 659 721 turbatio:

1019 760 1172 826 miseram
1197 758 1418 843 (Staphylam)
1443 793 1485 806 -

604 861 723 928 Decies
748 862 802 928 die
824 882 889 928 uno
913 882 1015 948 saepe
1037 863 1183 929 extrudit
1205 861 1344 928 aedibus
1356 862 1390 942 ¹).

604 963 785 1047 Pervigilat
807 972 920 1031 noctes
941 972 1047 1049 totas:
1070 974 1137 1032 turn
1160 972 1270 1031 autem
1292 964 1463 1046 interdius,

606 1066 709 1144 Quasi
733 1067 871 1132 claudus
896 1075 986 1133 sutor
1014 1067 1101 1132 dorni
1125 1067 1217 1133 sedet
1239 1074 1324 1133 totos
1349 1065 1463 1148 diesi).

500 1168 575 1233 Jam
604 1167 742 1233 neminis
773 1169 993 1253 suspitionem
1024 1170 1229 1253 nonhabet,
1263 1189 1360 1250 quum
1388 1169 1608 1250 unusquilibet
1642 1168 1680 1234 de

500 1271 577 1336 aula
601 1291 660 1336 sua
684 1271 767 1336 scire
793 1273 887 1354 eique
912 1273 970 1358 (sc.
996 1273 1106 1356 aulae)
1130 1273 1267 1338 insidias
1291 1279 1414 1338 struere
1438 1270 1604 1338 videatur:

605 1373 691 1440 Nam
714 1394 799 1438 nuno
823 1394 920 1456 quum
945 1377 1014 1441 oelo
1039 1376 1153 1441 sedulo
1177 1395 1298 1459 ornnes,
1321 1395 1362 1440 ne
1385 1374 1501 1456 soient,

606 1475 727 1542 Omnes
751 1477 902 1542 videntur
925 1477 1017 1559 scire,
1042 1485 1074 1544 et
1095 1500 1147 1544 me
1170 1478 1345 1562 benignius

604 1581 724 1646 Omnes
748 1580 902 1663 salutant,
926 1600 1023 1663 quam
1047 1581 1238 1646 salutabant
1260 1578 1395 1664 prium).
1466 1569 1473 1580 ’

498 1683 631 1764 Itaque,
662 1682 844 1765 quicunque
874 1702 947 1748 eum
975 1683 1047 1749 adit
1075 1684 1225 1766 quamvis
1254 1683 1396 1765 benigno
1419 1683 1539 1766 animo,
1561 1691 1613 1748 est
1633 1703 1686 1766 po·

499 1785 597 1868 lypus
625 1784 679 1865 qui
708 1785 789 1856 nibil
818 1785 881 1848 nisi
913 1805 993 1851 auro
1022 1804 1081 1850 suo
1111 1785 1268 1850 inhiando
1292 1785 1361 1849 sive
1386 1785 1604 1869 harpagando
1628 1792 1687 1848 stu·

500 1886 622 1970 deam).
684 1886 887 1968 Simulatque
919 1889 1076 1972 crepitum
1110 1888 1202 1953 audit
1212 1886 1236 1968 ⁶)
1265 1896 1328 1952 aut
1350 1889 1469 1970 aliquis
1491 1889 1573 1954 forte
1597 1888 1686 1953 homo

501 2095 708 2107 ..-,...--

539 2215 572 2268 In
591 2214 640 2268 the
659 2212 780 2282 English
798 2213 867 2267 mint
885 2229 902 2267 a
920 2214 1016 2281 pound
1035 2213 1143 2282 weight
1161 2213 1196 2268 ol'
1209 2214 1280 2282 gold
1298 2215 1322 2269 is
1336 2213 1437 2269 celnod
1447 2215 1507 2270 into
1520 2212 1687 2285 tourty-lour

540 2301 658 2369 guineas
677 2301 733 2355 and
751 2315 768 2352 a
786 2297 853 2368 hali,
872 2298 980 2369 which,
998 2305 1028 2353 at
1046 2301 1286 2370 one-and-twenty
1304 2298 1436 2369 shillings
1455 2299 1502 2355 the
1522 2301 1638 2370 guiuea,
1665 2300 1686 2352 is

539 2387 622 2457 equal
649 2393 680 2441 to
700 2385 830 2456 forty-six
849 2386 961 2453 pounds
980 2384 1110 2441 lourteeu
1129 2384 1259 2455 shillings
1277 2387 1334 2440 and
1352 2388 1494 2454 sixpenoe.
1539 2386 1585 2439 An
1602 2400 1686 2440 ounee

540 2472 573 2527 ol
588 2473 658 2541 gold
677 2469 925 2540 colu-therefore,
943 2471 1079 2546 isworth
1097 2475 1113 2528 3
1131 2473 1150 2525 l.
1169 2473 1203 2526 17
1222 2487 1243 2525 s.
1263 2472 1330 2538 10¹ls
1350 2473 1376 2527 d.
1394 2473 1422 2525 in
1442 2471 1533 2538 silver,
1553 2501 1586 2512 -

500 2559 574 2613 idem
597 2557 693 2612 valent
715 2557 791 2626 quod
816 2557 902 2624 148¹ls
921 2558 1022 2612 nummi
1041 2558 1117 2613 aurei
1137 2556 1254 2625 anglici,
1274 2557 1388 2624 proprie
1407 2557 1541 2611 nominati
1560 2558 1686 2626 guineae,

503 2645 561 2699 sive
580 2644 649 2699 1038
667 2641 769 2697 thaleri
787 2643 953 2711 imperiales.
972 2637 1072 2699 'Certe
1091 2644 1180 2712 igitur
1198 2644 1289 2711 vides,
1314 2640 1386 2696 hanc
1405 2643 1552 2710 pecuniam
1570 2644 1611 2698 ita
1629 2659 1687 2712 par·

433 2743 435 2747 ·
499 2747 561 2784 vam
588 2744 668 2798 esse,
693 2734 726 2784 ut
743 2729 906 2784 Euclionem
933 2731 1042 2784 minime
1069 2729 1171 2784 reddat
1189 2730 1369 2798 opulentum,
1396 2729 1447 2790 sed
1465 2733 1560 2782 tamen
1579 2729 1702 2784 abunde¹

500 2814 628 2870 srilficere
656 2816 691 2870 ad
719 2815 890 2870 afferendum
918 2816 944 2870 ei
963 2821 1066 2870 metum
1085 2820 1115 2868 et
1133 2815 1281 2870 miseriam.
1316 2815 1416 2885 Itaque
1435 2814 1483 2868 ubi
1503 2815 1538 2869 de
1558 2813 1687 2870 thesauro

501 2917 530 2955 re
558 2918 624 2956 vera
652 2918 742 2978 serjmo
770 2907 831 2970 est,
862 2902 1009 2971 aliquanto
1037 2901 1172 2969 grandior
1198 2906 1243 2954 est
1270 2901 1392 2967 pecnnia
1419 2902 1498 2955 euius
1525 2903 1631 2956 mantio
1649 2900 1686 2966 lit,

499 2988 729 3056 quemadmodum
752 2987 901 3042 thesaurus
925 3003 941 3040 a
960 2986 1075 3040 Callicle
1098 2990 1224 3040 servatus
1249 3002 1436 3054 ,nummorum
1459 2985 1636 3054 philippeirm
1654 2986 1687 3039 ad

501 3073 674 3127 1110111111ιι
696 3075 839 3128 continere
859 3072 962 3126 dicitur
989 3072 1230 3140 (Trinumm.1,2,
1251 3072 1320 3140 115.)
1368 3072 1463 3140 Atque
1493 3073 1566 3126 idem
1594 3087 1687 3127 omncs

501 3157 629 3213 feceruut
656 3161 703 3227 qui
729 3158 904 3212 Aululariam
930 3161 1054 3212 nostram
1081 3159 1182 3212 imitati
1208 3161 1286 3227 sunt:
1312 3157 1371 3212 sive
1395 3157 1530 3224 pecuniae
1550 3173 1688 3212 summas

501 3243 605 3298 Plauto
632 3244 757 3298 indicata
784 3245 863 3312 ipsos
889 3244 953 3298 illos
981 3243 1096 3311 fefellit,
1124 3244 1182 3298 sive
1201 3243 1276 3298 ultro
1295 3258 1355 3296 earn
1374 3243 1524 3297 admodum
1542 3250 1686 3300 auxerunt.

411 3403 414 3409 Ι
498 3329 586 3383 Vides
605 3329 701 3397 igitur,
728 3331 813 3384 etlam
832 3329 954 3383 Codrum
973 3328 1164 3384 Urceumhao
1182 3330 1210 3382 in
1228 3343 1258 3382 re
1276 3343 1467 3396 penetrarem
1485 3328 1594 3395 lapsum
1614 3345 1683 3396 esse,

498 3429 584 3484 quum
602 3416 784 3484 Lyconidem,
804 3415 851 3470 ubi
870 3416 960 3469 aulam
979 3415 1135 3483 conspexit,
1154 3416 1316 3484 loquentem
1335 3413 1444 3469 iaciat:

602 3500 640 3570 ,0
660 3502 707 3554 Dii
724 3501 903 3568 immortales,
922 3502 989 3570 quid
1008 3501 1101 3568 video,
1120 3506 1170 3555 aut
1187 3501 1255 3568 quid
1273 3498 1384 3554 habeo?

603 3587 670 3641 Plus
694 3592 843 3641 sexcentos
861 3585 1028 3654 Philippeos
1046 3592 1090 3639 ter
1108 3591 1137 3639 et
1155 3585 1280 3655 quater“.

501 3671 553 3736 (vs.
574 3674 606 3728 13
624 3675 713 3739 partis
732 3673 898 3739 posterioris
917 3672 1104 3739 supplementi
1132 3672 1212 3738 eius).
1243 3699 1274 3708 -
1308 3670 1373 3739 ι11,
1395 3673 1528 3740 i,30sq.
1559 3701 1588 3710 ——
1623 3672 1688 3741 2)1,

499 3756 528 3824 1,
557 3758 651 3827 33sq.
672 3787 701 3796 —-
734 3755 1501 3827 1112113000.-4101.11,1,11;11.17100.;
1527 3760 1688 3826 39388sq.

497 3842 594 3912 01111,
612 3845 638 3911 4,
656 3847 673 3898 5
693 3844 727 3897 de
745 3843 918 3914 Megador03
948 3845 984 3911 ll,
1002 3846 1027 3912 8,
1046 3845 1081 3897 22
1102 3858 1178 3913 sqq:
1208 3842 1257 3910 111,
1275 3845 1301 3911 2,
1320 3844 1353 3896 23
1378 3853 1407 3896 01
1428 3844 1560 3910 imprimis
1578 3843 1689 3899 facetos

497 3928 562 3982 illos
581 3944 676 3983 versus
695 3929 744 3997 Ill,
763 3931 787 3998 6,
808 3931 841 3984 15
860 3931 894 3984 de
910 3929 1012 3999 coquis
1032 3934 1061 3982 et
1079 3930 1114 3983 de
1134 3928 1264 3983 tibicina:

601 4045 631 4052 —
652 4013 718 4068 mihi
737 4015 913 4069 intromisisti
933 4015 961 4067 in
981 4013 1098 4069 aedibus
1117 4015 1288 4083 quingentos
1307 4029 1426 4083 coquos,
1488 4015 1491 4021 '

600 4101 667 4154 Cum
686 4101 762 4155 senis
780 4100 915 4168 manibus,
935 4116 1039 4168 genere
1059 4100 1254 4170 Geryonaceo:

603 4185 680 4250 Quos
698 4187 722 4239 si
740 4187 836 4255 Argus
854 4192 955 4253 servet,
975 4187 1022 4255 qui
1042 4187 1156 4241 oculeus
1175 4191 1253 4240 totus
1271 4184 1332 4252 fuit,
1353 4234 1355 4239 .

600 4273 687 4336 Quem
705 4271 847 4341 quondam
864 4271 930 4326 ,lovi
948 4270 1024 4325 «luno
1043 4272 1189 4327 custodem
1207 4272 1330 4338 addidit,
