4018 5606
1091 407 1132 474 14

521 613 658 680 deficere
692 621 725 679 et
758 614 1003 679 fundamentum
1037 613 1254 698 depravitatis
1288 587 1348 697 per¹
1379 611 1551 677 avaritiam
1574 631 1714 694 ponere,

520 721 665 782 attamen
695 716 775 780 nihil
805 715 872 782 nisi·
901 715 1066 780 miseriam
1095 723 1129 782 et
1158 715 1287 782 sibimet
1316 714 1399 798 ipsis
1428 719 1460 778 et
1487 713 1581 779 uobis
1611 713 1718 797 impo-

520 825 665 901 suerunt3
688 817 800 900 itaque
822 837 881 883 vos
905 819 1040 884 obsecro
1064 826 1217 900 utquam
1240 817 1379 901 primum
1401 815 1445 880 ad
1468 815 1561 880 illam
1587 835 1717 880 morum

520 921 732 986 sobrietatem
754 920 913 1000 redeatis;
944 920 1003 985 sed
1034 920 1062 985 si
1085 940 1119 985 re
1142 939 1221 984 vera
1248 919 1388 1002 pristina
1411 917 1568 983 felicitate
1593 917 1657 982 frui
1683 925 1717 982 et

520 1023 663 1087 Deorum
691 1022 785 1087 vobis
820 1022 963 1106 gratiam
995 1021 1207 1086 reconciliare
1242 1020 1428 1103 volueritis,
1462 1019 1612 1102 improba
1644 1019 1716 1084 ista

520 1123 650 1188 luxuria
681 1123 873 1206 reliquenda
913 1130 1012 1205 atque
1049 1124 1164 1188 inanes
1199 1122 1336 1188 divitiae
1373 1121 1579 1205 respuendae
1615 1121 1715 1186 uobis

521 1232 631 1308 erunt,
670 1225 944 1308 quemadmodum
971 1226 1006 1289 in
1033 1224 1095 1290 hac
1121 1224 1236 1290 fabula
1265 1224 1455 1289 Euclionem
1483 1223 1714 1305 spectaveritis

521 1326 631 1390 aulam
654 1328 768 1411 istam,
806 1347 890 1408 quae
922 1327 1003 1392 nihil
1031 1327 1094 1392 nisi
1121 1345 1296 1392 aerumnas
1326 1332 1424 1408 atque
1458 1325 1648 1391 uexationes
1684 1326 1715 1390 ei

521 1429 640 1511 attulit,
662 1429 697 1493 in
719 1428 923 1495 verecundae
947 1429 1035 1494 tiliae
1058 1448 1174 1495 manus
1198 1429 1372 1512 deponere.

624 1531 761 1596 Plautus
792 1531 891 1613 igitur
920 1531 982 1596 hac
1010 1531 1043 1595 in
1066 1517 1195 1615 fabula,
1234 1533 1317 1596 sicnt
1339 1531 1373 1596 in
1395 1530 1578 1613 plerisque,
1611 1529 1713 1594 immo

522 1619 670 1697 omnihus
693 1631 761 1697 lere
784 1632 869 1716 aliis,
892 1633 1100 1715 antiquorum
1122 1641 1300 1716 temporum
1323 1632 1517 1715 dignitatem
1533 1631 1713 1714 collaudat,

522 1754 629 1799 mores
654 1733 872 1816 degeneratos
894 1735 1101 1819 perstringit,
1124 1736 1168 1801 ad
1192 1735 1403 1817 corrigendos
1426 1731 1561 1799 animos'
1584 1741 1713 1816 specta-

522 1843 609 1901 tores
634 1835 798 1902 admonet.
850 1837 958 1919 Atque
987 1837 1034 1902 ita
1057 1857 1141 1903 nunc
1165 1838 1294 1902 demum
1317 1843 1350 1902 et
1372 1836 1538 1902 Euclionis
1561 1837 1713 1901 aliorum-

524 1956 586 2018 que
611 1957 773 2021 personae
796 1959 856 2004 nec
879 1939 984 2004 minus
1007 1940 1179 2004 Aulularia
1200 1939 1276 2022 ipsa
1291 1944 1378 2003 recte
1393 1938 1611 2020 intelligetur,
1634 1957 1713 2001 nam

419 2081 421 2088 -
521 2039 667 2122 proiecto
691 2041 791 2106 multo
815 2040 907 2105 aliud
931 2047 990 2124 est,
1012 2048 1121 2106 utrum
1141 2041 1332 2106 Euclionem
1354 2041 1515 2122 fingamus
1537 2039 1712 2104 ridiculum

523 2147 620 2224 atque
643 2143 802 2208 insulsum
825 2142 991 2226 quendam
1011 2143 1174 2208 hominem
1196 2161 1279 2226 esse,
1302 2142 1358 2225 qui
1372 2148 1591 2225 spectatorum
1605 2141 1713 2206 delec·
1763 2159 1764 2166 ¹

523 2244 641 2309 tationi
663 2246 843 2327 exhibetur,
864 2265 911 2310 an
933 2245 1109 2328 imaginem
1139 2265 1274 2328 gravem
1297 2252 1330 2309 et
1352 2251 1520 2328 tamquam
1543 2243 1713 2327 speculum

520 2346 641 2429 inquo
669 2347 718 2412 illi
749 2367 784 2412 se
816 2348 907 2432 ipsos
937 2349 1149 2431 contemplari
1178 2348 1317 2432 possint.
1369 2347 1483 2429 Neque
1505 2345 1610 2411 minus
1631 2347 1713 2411 aula

524 2448 602 2530 quid
613 2449 667 2538 'sit
689 2455 722 2514 et
744 2450 955 2532 quamohrem
978 2471 1110 2516 necesse
1135 2452 1177 2516 sit
1199 2456 1234 2515 ut
1250 2457 1320 2516 tota
1335 2448 1450 2514 fabula
1465 2468 1506 2512 ex
1522 2449 1579 2513 illa
1595 2467 1714 2513 nomen

524 2549 637 2633 ducat,
671 2551 759 2616 haud
790 2571 890 2634 aegre
917 2552 1129 2635 intelligitur:
1165 2559 1297 2617 notatur
1329 2552 1416 2618 enim
1445 2552 1522 2616 aula
1544 2552 1610 2616 ista
1632 2569 1714 2617 auro

523 2658 642 2716 onusta
664 2653 745 2718 nihil
767 2654 860 2719 aliud
882 2655 947 2720 nisi
969 2655 1159 2720 diuitiarum
1175 2675 1313 2720 acervus
1330 2673 1425 2736 quem
1439 2654 1577 2737 quisque
1592 2653 1714 2718 ciuium

522 2756 756 2839 Romanorum,
790 2756 846 2822 isti
873 2758 1068 2841 praesertim
1096 2759 1137 2824 de
1163 2758 1273 2824 infimo
1304 2757 1391 2841 loco,
1420 2757 1485 2822 sibi
1507 2756 1715 2822 accumulare

523 2856 679 2923 studeret.
735 2859 833 2924 Haud
865 2859 976 2944 inepte
1009 2879 1088 2924 vero
1121 2861 1183 2926 hoc
1216 2879 1308 2950 suum
1342 2857 1513 2924 consilium
1541 2863 1640 2941 poeta
1663 2859 1715 2924 ita

525 2967 698 3025 exsecutus
721 2966 780 3043 est,
804 2968 838 3025 ut
860 2962 1009 3027 Euclioni
1032 2962 1155 3026 homini
1176 2961 1313 3046 pauperi
1343 2968 1375 3026 et
1403 2960 1591 3026 divitiarum
1614 2960 1714 3026 affec-

523 3062 649 3127 tatione
672 3082 830 3127 summam
853 3063 915 3128 sibi
937 3063 1102 3128 miseriam
1124 3064 1314 3146 imponenti,
1337 3063 1497 3126 familiam
1520 3062 1653 3127 divitem
1673 3072 1714 3128 'et

523 3183 627 3246 genus
655 3164 765 3230 nobile
791 3164 979 3248 Megadori,
1014 3166 1103 3230 cuius
1134 3166 1240 3248 ipsum
1271 3184 1389 3229 nornen
1418 3183 1487 3228 rem
1515 3163 1606 3228 illam
1629 3165 1715 3230 indi-

523 3267 618 3351 gilat,
642 3273 829 3350 opponeret.

626 3370 762 3451 Itaque,
805 3377 978 3454 postquam
1020 3391 1119 3453 supra
1161 3370 1306 3436 tabulam
1350 3369 1457 3453 ipsam
1500 3369 1715 3452 exposuimus

522 3471 675 3556 primam,
698 3474 778 3554 iam,
809 3472 888 3537 dicti
911 3473 999 3538 illius
1023 3473 1066 3538 ab
1089 3473 1263 3537 Aristotele
1287 3473 1450 3556 propositi
1472 3492 1645 3556 memores,
1670 3473 1715 3538 de

523 3593 735 3656 personarum
757 3575 900 3641 moribus
923 3575 1123 3659 inquiramus
1136 3575 1169 3658 ¹).

625 3677 724 3760 Atqui
748 3677 789 3742 de
812 3677 968 3743 Euclione
993 3678 1127 3761 eiusque
1155 3677 1295 3761 familia,
1330 3684 1454 3761 quanta
1487 3677 1642 3762 pauperie
1680 3687 1717 3743 et

522 3777 636 3860 inopia
663 3775 902 3862 laboraverint,
932 3780 1014 3845 nihil
1038 3778 1254 3844 dubitandum
1278 3787 1335 3845 est.
1379 3780 1481 3846 Immo
1504 3780 1617 3846 Euclio
1639 3780 1716 3846 iure

522 3970 728 3980 —----.......-

639 4107 660 4174 ¹)
679 4105 756 4159 Dicit
774 4105 846 4160 enim
864 4105 950 4158 Arist.
969 4104 1049 4159 Poet.
1069 4119 1131 4172 cap.
1150 4104 1204 4172 VI,
1223 4105 1265 4173 19,
1283 4104 1331 4159 ubi
1350 4091 1385 4159 de
1404 4106 1554 4174 tragoedia
1572 4105 1718 4172 loquitur:

676 4190 772 4282 Ἀρχὴ
795 4193 854 4277 μὲν
877 4187 933 4258 οὖν
956 4194 1010 4258 καὶ
1034 4183 1104 4259 οἷον
1128 4189 1220 4281 ψυχὴ
1244 4188 1262 4259 ὁ
1284 4197 1395 4277 μῦθος
1416 4229 1474 4272 -,
1498 4188 1650 4289 δεύτερον
1675 4197 1720 4262 δὲ

676 4291 719 4361 τὰ
741 4291 821 4382 ἢθη.
