4018 5606
1046 320 1089 385 32

471 527 603 612 nuccio,
638 527 723 594 alias
759 525 900 609 denique
930 527 1104 611 plerasque
1131 526 1260 594 fabulas
1290 525 1368 593 inde
1399 527 1441 592 ab
1465 546 1552 592 anno
1578 527 1662 594 1486

471 631 619 698 edendas
650 630 778 696 curavit
788 630 822 712 ¹).

577 734 643 800 Sed
666 739 795 817 praeter
818 732 879 799 bas
903 734 1090 801 comoedias
1113 735 1295 800 translatas
1318 740 1492 800 sexcentae
1520 733 1667 817 scriptae

472 849 547 904 sunt
568 843 636 902 tum
659 837 806 904 oratione
837 836 983 920 pedestri
1012 844 1081 904 tum
1110 857 1258 904 sermone
1287 837 1417 920 poetico
1446 836 1489 901 ab
1519 836 1579 919 iis,
1608 836 1665 918 qui

471 951 598 1005 veteres
621 939 797 1022 scriptores
821 939 939 1006 imitati
962 939 1080 1022 sunt2).
1125 939 1269 1016 Quorum
1300 940 1384 1006 inter
1411 940 1535 1023 primos
1566 939 1668 1004 exsti·

471 1049 581 1107 terunt
603 1041 754 1126 Ariostus
777 1048 809 1107 et
832 1041 1099 1126 Maocbiavellus‚
1122 1063 1164 1108 ex
1187 1043 1304 1126 quibus
1335 1043 1390 1108 ille
1413 1041 1543 1126 scripsit
1574 1042 1668 1123 quin·

473 1164 536 1227 que
559 1130 749 1211 comoedias
773 1165 922 1211 sermone
937 1127 1076 1230 poetico,
1099 1165 1235 1228 quarum
1252 1145 1338 1210 duae
1353 1145 1500 1229 pedestri
1514 1151 1588 1210 orat
1589 1144 1666 1210 ione

473 1249 620 1332 refictae3
644 1247 697 1313 bic
719 1247 874 1314 Casinam
897 1247 1041 1314 imitatus
1064 1248 1195 1332 scripsit
1218 1247 1420 1314 comoediam
1446 1246 1665 1332 appellatam:

472 1351 586 1434 Clinia,
610 1357 709 1433 atque
734 1349 864 1434 alias3).
909 1351 953 1416 At
976 1371 1135 1417 summam
1158 1351 1291 1416 laudem
1315 1350 1456 1417 obtinuit
1478 1350 1537 1416 illa
1551 1350 1668 1416 fabula

474 1453 653 1519 Bibbienae
673 1452 862 1519 Cardinalis
886 1454 995 1539 (Bern.
1020 1452 1204 1538 Dovitii)⁴),
1229 1473 1314 1536 quae
1343 1453 1491 1518 oratione
1517 1452 1669 1536 pedestri

474 1556 659 1640 conscripta
681 1555 804 1639 prodiit
827 1557 887 1621 sub
910 1555 1019 1622 titulo:
1043 1556 1094 1621 La
1117 1555 1298 1635 Calandra‚
1321 1555 1355 1621 in
1379 1575 1444 1638 qua
1466 1555 1576 1620 Plauti
1600 1555 1668 1620 Me-

474 1657 652 1724 naechmos
683 1664 812 1724 secutus
843 1665 892 1725 est
901 1657 935 1742 Β).
991 1659 1041 1724 De
1071 1659 1146 1724 aliis
1174 1659 1358 1724 labularum
1394 1657 1605 1741 scriptoribus
1637 1679 1669 1722 v.

475 1761 587 1826 Tirab.
615 1761 699 1844 Vll,
731 1763 796 1845 Ill,
825 1782 851 1828 e.
881 1763 924 1826 64
954 1768 986 1828 et
1013 1782 1094 1844 quos
1122 1762 1194 1846 ipse
1224 1762 1303 1826 citat
1330 1781 1362 1846 p.
1396 1761 1498 1828 1313:
1529 1760 1669 1842 Allaeci‚

475 1863 623 1942 Quadrio
646 1869 679 1927 et
701 1863 855 1930 Farsetti.

579 1965 656 2031 'l'ali
684 1966 781 2032 modo
816 1966 895 2031 illud
925 1966 1165 2034 comoediarum
1192 1987 1295 2050 genus
1324 1974 1437 2034 natum
1469 1973 1535 2051 est,
1569 1967 1670 2050 quod,

475 2075 590 2152 utpote
614 2089 634 2132 a
658 2069 738 2134 viris
762 2070 867 2135 doctis
891 2072 1053 2136 excultum
1084 2078 1116 2136 et
1146 2070 1190 2135 ad
1221 2076 1348 2136 veteres
1378 2070 1556 2153 scriptores
1583 2070 1671 2134 redi-

477 2172 635 2256 gendum,
672 2172 762 2255 apud
792 2173 894 2238 Italos
926 2172 1016 2257 ipsos
1040 2173 1100 2238 sub
1129 2173 1259 2238 nomine
1290 2172 1480 2238 comoediae
1510 2173 1671 2254 antiquae

476 2275 528 2340 vel
552 2275 700 2341 eruditae
724 2275 929 2360 (Commodis
952 2276 1063 2341 antica
1086 2276 1127 2342 ed
1157 2277 1299 2357 erudita)
1324 2275 1593 2360 comprehensum
1608 2295 1672 2360 per
1716 2357 1719 2364 .

475 2377 601 2458 aliquot
624 2378 757 2442 saecula
780 2396 883 2459 usque
905 2379 1040 2461 vigebat
1062 2385 1096 2443 et
1122 2398 1182 2462 per
1204 2383 1308 2445 totam
1337 2377 1405 2442 fere
1428 2379 1592 2462 Europam
1623 2378 1672 2442 ab

477 2480 645 2544 actoribus
670 2500 710 2544 ex
736 2480 835 2545 Italia
867 2481 1034 2546 arcessitis
1063 2480 1270 2564 divulgatum
1299 2487 1378 2547 erat.
1424 2480 1490 2546 Sed
1519 2479 1673 2561 quamvis

476 2584 528 2649 vel
558 2582 668 2667 potius
701 2583 821 2667 quippe
849 2602 946 2664 quum
978 2584 1042 2648 viri
1075 2584 1295 2666 elegantiores
1330 2603 1387 2648 eas
1426 2589 1671 2668 componerent,

477 2685 548 2750 fieri
572 2705 637 2750 non
659 2686 781 2769 potuit,
805 2687 882 2767 quin
904 2686 1147 2770 simplicitatem
1176 2695 1208 2753 et
1236 2707 1348 2752 veram
1376 2686 1489 2770 populi
1517 2692 1674 2752 naturam

475 2788 608 2853 minime
629 2789 824 2872 resipientes
847 2790 890 2854 ab
913 2789 974 2854 hoc
996 2795 1228 2873 respuerentur
1250 2797 1283 2855 et
1305 2789 1437 2855 incultis
1454 2789 1518 2854 illis
1535 2788 1673 2874 fabulis,

477 2909 562 2972 quae
587 2891 647 2984 sub
671 2892 777 2958 faceto
800 2891 862 2955 isto
882 2892 1011 2957 nomine
1038 2892 1243 2970 „Commedie
1267 2891 1341 2957 dell'
1358 2893 1456 2956 Arte“
1482 2891 1675 2973 intelligun-¹

421 2986 425 2994 ’
476 3000 539 3076 tur,
562 2995 660 3076 longe
683 3001 956 3078 postponerentur
966 2993 1001 3078 ⁶).
1035 2995 1135 3076 Atqui
1154 2995 1299 3079 profecto
1316 2995 1445 3060 minime
1461 2995 1522 3060 hoc
1537 2993 1673 3058 mirum:

583 3304 603 3372 ¹)
633 3303 699 3371 Alt,
730 3303 854 3362 Tbeater
876 3303 932 3357 und
962 3302 1084 3371 Kircbe,
1114 3305 1186 3358 Berl.
1207 3306 1282 3372 1846,
1301 3320 1329 3373 p.
1348 3307 1413 3375 5223
1432 3304 1614 3371 litabamus,
1641 3319 1674 3371 p.

479 3389 559 3459 13023
585 3388 679 3443 llaffei
697 3389 722 3457 Ι,
746 3405 774 3457 p.
799 3389 857 3442 192,
881 3419 911 3428 —-
938 3391 959 3458 ²)
979 3388 1021 3444 Of.
1039 3390 1185 3444 Benedicti
1205 3389 1310 3446 Varehi
1333 3392 1485 3460 prologum
1508 3391 1536 3444 in
1560 3405 1674 3444 comoe-

478 3476 668 3542 (tiemonem,
699 3477 743 3530 cui
773 3476 872 3530 titulus
902 3480 959 3542 est:
990 3476 1031 3530 La
1057 3473 1187 3531 Suocera.
1220 3507 1251 3517 -
1282 3477 1301 3546 ⁸)
1332 3477 1397 3547 Ait,
1425 3477 1443 3531 l.
1469 3477 1486 3530 l.
1506 3492 1533 3545 p.
1557 3477 1614 3532 522.
1635 3505 1671 3515 —
1788 3495 1789 3552 j

478 3563 500 3630 ⁴)
520 3560 563 3616 ef.
594 3563 629 3617 de
660 3578 694 3616 eo
724 3561 819 3617 Tirab.
849 3579 876 3630 p.
907 3563 974 3618 1307
1005 3577 1067 3632 sqq.
1097 3593 1128 3602 -
1152 3565 1174 3632 ⁵)
1201 3563 1376 3618 Examinavit
1394 3564 1569 3618 comoediam
1586 3563 1675 3618 istam
1788 3553 1789 3572 ³

478 3647 633 3717 Guingent,
653 3647 771 3704 histoire
790 3649 924 3703 litteraire
943 3649 1061 3718 d’ltalie,
1080 3649 1163 3717 t.,V1
1176 3664 1203 3716 p.
1216 3651 1241 3716 2,
1259 3665 1320 3717 cap.
1334 3650 1375 3703 22.
1396 3679 1427 3688 -
1447 3653 1466 3710 ⁶)
1491 3651 1562 3704 Saue
1592 3647 1675 3702 valet

478 3734 551 3788 idem
575 3736 610 3790 de
635 3735 789 3790 comoediis
807 3735 863 3789 illis
881 3733 1120 3803 extemporalibus
1143 3749 1215 3803 quae
1234 3749 1285 3803 per
1307 3736 1388 3803 plura
1406 3736 1566 3791 saeculam
1584 3733 1675 3790 ltalia

478 3819 635 3890 florebant,
667 3822 744 3889 quod
770 3821 942 3875 Aristoteles
972 3820 1007 3874 de
1037 3820 1146 3915 origiue
1171 3822 1239 3874 artis
1258 3822 1428 3876 dramatieae
1440 3821 1525 3913 apud
1545 3819 1674 3875 Graecos

478 3906 548 3961 dreit
566 3907 647 3962 Post
670 3907 719 3976 lv,
742 3909 785 3962 15.
813 3892 974 3994 Γενομένη
1013 3890 1043 3958 d
1080 3887 1136 3958 οὖν
1176 3890 1235 3959 ἀπ
1269 3919 1290 3958 α
1313 3896 1372 3981 χῆς
1401 3890 1673 3996 αὐτοσχεδια-

478 3975 593 4086 στικὴ
616 3979 671 4044 καὶ
694 3975 777 4064 αὐτῆ
801 3973 835 4083 (p
858 3977 1039 4085 τραγῳδία)
1062 4004 1117 4045 και
1142 4004 1161 4083 p
1151 3919 1350 4084 utopttpgtot,
1373 3982 1428 4046 καὶ
1459 3976 1483 4084 ἡ
1510 3980 1568 4064 μὲν
1599 3974 1671 4046 obad

477 4069 542 4130 τῶν
544 4060 768 4174 ἐξαρχὸντων
796 4089 852 4130 τον
880 4059 1110 4152 διθύραμβον,
1141 4091 1168 4171 η
1194 4065 1278 4131 δὲ
1257 4090 1326 4133 arto
1348 4069 1413 4132 τῶν
1443 4063 1485 4132 τὰ
1509 4061 1672 4166 φαλλικά,
1723 4137 1725 4140 ,
1788 4089 1789 4094 ’

476 4145 499 4215 ὁὶ
528 4145 578 4216 ἔτι
609 4152 665 4216 καὶ
695 4155 752 4216 νῦν
786 4174 820 4215 εν
856 4151 996 4227 πολλαῖς
1029 4155 1094 4216 τῶν
1124 4145 1253 4218 πόλεων
1282 4151 1430 4236 διαμένει
1459 4144 1573 4254 νομιζὸ
1556 4175 1670 4255 ομενα,

477 4261 562 4303 κατα
585 4231 704 4326 μικρὸν
735 4231 867 4323 ηὐξήθη
890 4231 1103 4325 προαγόντων
1126 4233 1203 4304 ὅσον
1225 4236 1370 4322 ἐγίγνετο
1393 4233 1535 4328 φανερὰν
1558 4233 1672 4323 αννῆς
