4018 5606
1047 327 1091 392 20

479 532 585 598 civilis
607 540 685 599 ante
708 535 820 600 oculos
843 541 974 601 nostros
997 535 1139 620 ponitur,
1161 533 1248 600 unde
1272 532 1394 598 lactum
1417 540 1476 614 est,
1501 540 1536 620 ut
1559 533 1672 617 Mega·

478 635 577 700 dorus
600 635 641 702 dc
664 637 782 702 civium
805 637 948 704 moribus
971 637 1126 720 vitiisque
1150 635 1289 721 publicis
1312 635 1514 718 corrigendis
1537 637 1672 722 saepius

480 738 623 804 disserat
652 746 750 821 atque
778 760 924 806 summae
953 741 1117 806 honestati
1148 758 1312 822 nunquam
1341 759 1406 804 non
1434 738 1588 806 addictus
1619 741 1672 806 sit.

478 841 521 906 Et
548 860 645 922 quum
680 861 839 908 summum
868 843 1042 910 cuiuslibet
1072 843 1118 908 rei
1141 842 1294 928 publicae
1316 841 1498 927 periculum
1522 842 1672 907 omnibus

480 944 680 1027 temporibus
710 945 743 1010 in
773 965 813 1012 eo
840 947 981 1030 positum
1013 947 1065 1026 sit,
1089 945 1176 1029 quod
1200 945 1319 1011 civium
1341 945 1537 1011 nobiliorum
1560 952 1592 1009 et
1615 945 1672 1009 bo·

480 1047 599 1112 minum
630 1067 810 1130 pauperum
838 1068 919 1132 opes
947 1048 1043 1114 nimis
1067 1048 1149 1113 inter
1172 1067 1207 1114 se
1231 1046 1402 1130 differunt,
1426 1047 1513 1112 unde
1536 1045 1673 1130 invidia,

480 1148 662 1234 cupiditas,
686 1149 792 1233 fraus,
816 1150 989 1234 violentia,
1012 1150 1173 1234 segnitia,
1196 1149 1360 1215 maximae
1384 1149 1524 1230 denique
1548 1149 1675 1214 dissen-

481 1252 590 1317 siones
614 1259 807 1336 nascantur,
841 1253 979 1318 Plautus
1010 1253 1131 1336 insigni
1159 1273 1231 1319 cum
1262 1252 1434 1335 diligentia
1458 1249 1672 1333 Megadorum

480 1355 522 1420 iis
544 1355 749 1440 potissimum
772 1356 994 1422 consulentem
1018 1355 1108 1440 facit,
1132 1355 1249 1438 quibus
1272 1355 1446 1420 discrimen
1468 1353 1557 1419 istud
1578 1354 1675 1418 tolla-

481 1465 545 1523 tur.
590 1459 682 1524 Haec
704 1477 800 1542 vero,
830 1458 894 1523 nisi
921 1477 1092 1544 perperam
1114 1457 1330 1524 intellexerim
1353 1462 1471 1540 poetae
1493 1455 1670 1538 ingenium,

481 1561 579 1643 quale
601 1580 666 1626 non
689 1561 792 1627 solum
816 1560 849 1626 iu
872 1561 1052 1645 Aulularia,
1076 1560 1134 1628 sed
1158 1561 1191 1625 in
1214 1560 1290 1625 aliis
1312 1579 1441 1642 quoque
1461 1558 1583 1624 fabulis
1607 1579 1675 1625 cer-

483 1664 585 1748 nitur,
615 1663 727 1747 capita
757 1670 832 1728 sunt
854 1663 916 1748 rei,
946 1682 1030 1746 quae
1054 1663 1084 1730 ei
1107 1663 1198 1730 cordi
1220 1669 1324 1746 erant,
1347 1663 1467 1747 quippe
1490 1662 1532 1727 de
1555 1661 1674 1743 quibus

482 1766 648 1851 copiosius
671 1767 866 1833 sententiam
887 1786 982 1832 suam
1004 1767 1146 1851 aperiat:

485 1869 785 1936 accusatores
820 1868 989 1936 divitiores
1024 1869 1195 1954 imprimis,
1234 1889 1275 1934 ne
1309 1869 1412 1934 vitam
1445 1868 1569 1950 degant
1602 1885 1675 1931 oae-

422 2022 424 2028 ,
525 1971 635 2056 libem,
658 1971 746 2054 qnod
768 1971 856 2036 idem
879 1991 990 2037 omnes
1012 1970 1079 2038 fere
1101 1974 1321 2038 Romanorum
1335 1976 1455 2055 poetae
1471 1989 1675 2053 summopere

529 2073 725 2141 dissuadent
737 2075 771 2158 ¹).
1771 2159 1772 2168 ἵ

483 2176 654 2244 2.Divites
687 2198 728 2243 ne
762 2177 871 2243 dotem
905 2177 938 2243 in
968 2178 1122 2260 eligenda
1144 2198 1246 2245 uxore
1267 2177 1456 2262 respiciant,
1480 2176 1538 2242 sed
1560 2176 1670 2260 potius
1771 2185 1772 2220 ³

530 2285 672 2344 aetatem
693 2279 847 2345 idoneam
870 2285 902 2346 et
925 2280 1129 2364 probitatem.

532 2382 627 2447 Hanc
650 2382 692 2448 ob
715 2402 866 2448 caussam
889 2382 1071 2468 Megadori,
1094 2383 1149 2466 qui

592 2485 731 2564 „virtute
754 2486 859 2550 Deum
882 2485 1097 2552 etmalorum
1120 2505 1251 2552 suorum
1274 2486 1368 2552 dives
1392 2491 1442 2550 est
1465 2476 1566 2550 satis“
1580 2483 1615 2567 ²),

530 2587 611 2652 nihil
633 2594 743 2654 tamen
766 2589 917 2672 interest,
947 2598 982 2656 ut
1015 2589 1150 2655 divitias
1173 2589 1382 2655 nanciscatur
1405 2607 1477 2652 cum
1499 2603 1600 2653 uxore
1623 2588 1679 2651 vel

530 2691 771 2756 auctoritatem:

590 2794 676 2860 Istas
698 2815 839 2879 magnas
862 2798 1032 2881 factiones,
1055 2798 1193 2880 animos,
1217 2795 1312 2862 dotes
1337 2794 1498 2878 dapsiles,

592 2897 769 2981 Clamores,
793 2901 941 2984 imperia,
966 2900 1103 2966 eburata
1125 2900 1286 2992 vehicula,
1309 2899 1428 2982 pallas,
1451 2916 1641 2981 purpuram,
1737 2953 1739 2958 .

509 2997 513 3004 ’
591 3001 682 3068 Nihil
698 2996 815 3087 moror,
839 3022 923 3085 quae
944 3003 978 3066 in
1000 3003 1189 3068 servitutem
1206 2989 1366 3068 sumtibus
1381 3001 1535 3084 redigunt
1550 3001 1680 3086 vir0s³).

487 3103 517 3166 3.
530 3102 658 3169 Diuites
681 3126 722 3170 ne
745 3105 893 3171 homines
916 3106 1066 3187 quamvis
1089 3125 1252 3190 pauperes
1276 3105 1470 3188 despiciant,
1493 3105 1553 3169 sed
1568 3105 1680 3189 potius

531 3224 572 3270 ex
594 3207 758 3288 probitate
783 3229 880 3291 quam
901 3231 961 3293 pro
985 3209 1100 3293 opibus
1117 3211 1205 3275 cives
1220 3214 1404 3291 aestiment,
1428 3207 1537 3273 verbis
1553 3208 1682 3290 gravis-

532 3308 622 3373 simis
645 3310 794 3393 plurimis
817 3309 899 3378 locis
923 3313 1094 3378 admonet:

488 3499 694 3510 -—--.-...--

594 3569 615 3630 ιΙ
633 3566 669 3635 ΙΙ,
689 3569 713 3638 1,
732 3569 767 3623 23
784 3583 846 3640 sqq.
878 3597 909 3608 -
941 3573 962 3639 ²)
981 3569 1017 3638 ll,
1037 3571 1061 3638 1,
1079 3570 1122 3623 44.
1164 3569 1307 3638 Ceterum,
1335 3573 1511 3638 quantopere
1539 3565 1607 3622 haec
1636 3581 1683 3620 res

489 3655 576 3717 poeta
603 3668 685 3708 curae
713 3652 815 3724 fuerit,
845 3657 988 3725 intelliges
1015 3671 1050 3710 ex
1078 3653 1161 3722 Gapt.
1185 3655 1226 3722 11,
1252 3655 1282 3720 2,
1309 3655 1355 3723 74,
1382 3653 1430 3709 ubi
1454 3654 1552 3708 eadem
1577 3653 1682 3721 partim

488 3736 622 3805 leguntur
638 3739 725 3795 verbo
745 3746 834 3797 tenus.
872 3742 967 3799 Verba
985 3741 1054 3797 haec
1073 3745 1149 3796 sunt:

593 3823 657 3893 Ego
676 3826 780 3882 virtute
798 3828 888 3883 Dedm
907 3829 1087 3883 etmalorum
1106 3827 1232 3882 nostrum
1250 3827 1329 3881 dives
1348 3832 1407 3882 suin
1426 3825 1502 3882 satis.

592 3911 656 3966 Non
675 3926 731 3979 ego
751 3914 863 3968 omniuo
884 3913 989 3970 lucrum
1009 3928 1089 3968 omne
1109 3928 1170 3967 esse
1189 3913 1258 3968 utile
1278 3911 1382 3988 homiui
1401 3912 1539 3967 existimo.

594 3995 659 4050 Scio
677 4013 742 4066 ego,
761 3998 864 4054 multos
882 4000 936 4054 iarn
955 4000 1060 4054 lucrum
1083 4000 1242 4054 luculentos
1261 3998 1388 4053 homines
1407 3997 1540 4052 reddidit.
1664 4063 1668 4070 .

595 4081 648 4136 Est
666 4083 757 4151 etiarn,
777 4083 824 4138 ubi
843 4083 974 4152 profecto
993 4084 1128 4139 damnum·
1145 4089 1272 4154 praestet
1289 4082 1392 4153 facere,
1411 4098 1494 4153 quam
1512 4083 1626 4137 lucrum.

594 4166 646 4222 Odi
665 4169 721 4236 eg'o
741 4172 849 4224 aurum!
868 4171 956 4224 multa
975 4169 1068 4224 multis
1087 4184 1173 4237 saepe
1193 4169 1283 4224 suasit
1300 4185 1455 4238 perperam.

490 4254 513 4321 ⁸)
531 4253 566 4322 11,
585 4254 610 4321 1,
628 4255 663 4309 45
682 4269 743 4329 sqq,
763 4283 795 4292 -
