4018 5606
1108 391 1149 455 16

579 595 680 662 Suam
704 617 770 662 rem
792 595 945 680 periisse,
969 615 1069 679 seque
1091 594 1311 680 eradicarier,

579 698 630 764 De
653 719 711 765 suo
734 699 842 780 tigillo
866 698 971 764 sumus
994 699 1021 763 si
1045 717 1110 782 qun
1133 698 1201 763 exit
1223 699 1322 762 lorus.

579 800 665 877 Quin
688 821 760 866 cum
783 800 809 866 it
833 800 1022 886 dormitum,
1045 800 1157 866 follem
1179 798 1354 881 obstringit
1377 799 1418 864 ob
1441 799 1563 880 gulam.

535 903 579 969 Et
600 905 714 987 paullo
737 902 841 968 inira:

577 1006 705 1088 Aquam
728 1004 837 1070 hercle
859 1006 985 1090 plorat,
1009 1025 1107 1089 quum
1130 1006 1236 1088 lavet,
1259 1003 1465 1088 profundere.

535 1107 673 1173 Iterum:
696 1107 784 1185 Quin
807 1108 872 1191 ipsi
893 1108 1020 1191 pridem
1042 1115 1155 1174 tonsor
1176 1126 1302 1190 ungues
1326 1106 1509 1190 demscrat;

697 1209 852 1294 Collegit,
876 1211 985 1276 omnia
1008 1210 1146 1276 abstulit
1167 1209 1400 1293 praesegmina
1412 1208 1446 1290 1).

639 1311 706 1376 Sed
729 1312 843 1376 mirum
866 1332 946 1378 sanc
969 1312 1070 1376 risum
1092 1313 1259 1395 movebat,
1283 1330 1367 1394 quse
1390 1310 1476 1376 idem
1499 1311 1660 1377 Strobilos
1679 1309 1711 1374 dc

534 1414 634 1478 milvo
660 1413 793 1498 profert,
817 1413 908 1478 cuius
931 1433 1049 1479 nornen
1072 1414 1114 1480 de
1135 1415 1301 1499 pulmento
1325 1414 1461 1498 abrepto
1482 1413 1527 1478 ad
1543 1420 1712 1497 praetorem

536 1515 747 1581 deferendum
770 1515 855 1599 anit3
878 1516 930 1581 vel
953 1514 1084 1599 illud²):

621 1617 664 1683 Ni
688 1617 894 1683 subvenisset
917 1638 1051 1699 corvus,
1073 1618 1246 1704 periissem
1268 1617 1377 1684 miser.

619 1719 725 1786 Nimis
747 1719 856 1784 hercle
879 1740 941 1802 ego
964 1721 1055 1786 illum
1079 1741 1211 1787 corvum
1235 1721 1278 1786 ad
1302 1739 1353 1785 me
1376 1719 1488 1785 veniat
1509 1720 1617 1803 velim,

620 1820 682 1896 Qui
705 1821 863 1886 indicium
884 1821 977 1908 fecit3
1000 1830 1036 1888 ut
1058 1842 1120 1905 ego
1143 1823 1191 1888 illi
1213 1822 1341 1906 aliquid
1364 1821 1440 1887 boni

620 1923 749 2008 Dicam,
771 1943 848 1988 nam
871 1925 957 2007 quod
981 1926 1058 2008 edit,
1083 1933 1150 1989 tam
1174 1924 1273 2007 duim,
1296 1943 1394 2007 quam
1416 1923 1576 2007 perduim.

638 2025 703 2090 Ubi
727 2045 804 2090 vero
828 2026 953 2109 Euclio,
977 2026 1118 2108 grandia
1140 2027 1280 2109 molitus,
1305 2026 1349 2091 ad
1373 2027 1546 2090 macellum
1574 2025 1660 2109 abit,
1686 2029 1714 2088 ut

533 2126 645 2191 nescio
668 2146 751 2210 quas
774 2134 806 2192 et
829 2134 970 2211 quantas
993 2148 1046 2194 res
1068 2129 1156 2194 filiae
1183 2129 1369 2211 nuptiarum
1383 2127 1500 2209 gratia
1523 2135 1667 2211 coemat,
1687 2132 1713 2189 et

531 2234 641 2293 temen
663 2228 744 2292 nihil
766 2230 829 2295 nisi
852 2230 1050 2314 quisquilias
1076 2230 1153 2296 inde
1182 2230 1298 2314 refert,
1333 2230 1415 2295 haec
1444 2229 1553 2296 omnia
1584 2229 1713 2295 hominis

532 2330 657 2395 sordidi
687 2331 852 2413 ingenium
883 2339 950 2397 tam
980 2334 1065 2399 belle
1097 2340 1130 2398 et
1158 2333 1275 2398 festive
1310 2332 1487 2414 estingunt,
1524 2339 1559 2396 ut
1592 2332 1712 2396 minime

532 2432 677 2497 dubitem
700 2440 805 2498 totum
828 2437 1015 2502 exscribere
1037 2437 1159 2502 locum:

650 2535 747 2600 Volui
769 2538 912 2603 animum
936 2539 1068 2604 tandem
1092 2539 1283 2605 confirmare
1306 2536 1406 2620 hodie
1427 2557 1542 2620 meum,

650 2639 695 2703 Ut
717 2639 799 2705 bene
823 2641 974 2708 haberem
997 2643 1085 2707 filiae
1108 2642 1240 2725 nuptiis.

649 2740 752 2806 Venio
776 2743 820 2808 ad
843 2746 1022 2828 macellum,
1046 2744 1155 2826 rogito
1178 2743 1300 2827 pisces3
1323 2741 1470 2807 indicunt

649 2843 768 2930 Oaros,
791 2847 946 2929 agninam
970 2866 1090 2929 caram,
1114 2866 1225 2911 caram
1247 2845 1412 2927 bubulam,

648 2947 836 3031 Vitulinam,
860 2955 975 3031 cetum,
998 2948 1180 3032 porcinam,
1205 2968 1283 3013 cara
1306 2948 1430 3012 omnia:

648 3050 754 3132 Atque
777 3070 816 3116 eo
839 3051 968 3115 fuerunt
991 3051 1128 3132 cariora,
1152 3071 1209 3117 aes
1233 3072 1299 3116 non
1323 3056 1402 3116 erat.

650 3151 741 3216 Abeo
765 3153 868 3218 iratus
892 3153 992 3235 illinc,
1017 3153 1170 3238 quoniam
1192 3153 1273 3217 nihil
1296 3159 1346 3217 est
1370 3151 1424 3234 qui
1448 3171 1563 3216 emam.

647 3253 699 3316 lta
721 3254 788 3318 illis
811 3254 946 3338 impuris
970 3257 1118 3321 omnibus
1141 3257 1211 3321 adii
1233 3246 1393 3320 manum.¹

648 3355 778 3421 Deinde
802 3364 931 3439 egomet
953 3379 1078 3424 mecum
1101 3359 1247 3441 rogitare
1270 3358 1353 3422 inter
1377 3356 1450 3421 uias

648 3458 801 3542 Oceocpi:
825 3461 925 3526 Festo
950 3461 1003 3526 die
1026 3462 1055 3527 si
1079 3463 1157 3544 quid
1179 3461 1382 3544 prodegeris,

647 3561 803 3627 Profesto·
821 3583 918 3645 egere
940 3565 1047 3647 liceat,
1070 3565 1134 3630 nisi
1157 3565 1359 3648 peperceris.-

647 3663 827 3747 Postquam
850 3666 935 3730 hano
956 3667 1119 3733 rationem
1141 3667 1231 3732 cordi
1254 3666 1424 3748 uentrique
1446 3663 1547 3745 cdidi,

646 3766 795 3852 Accessit
818 3769 946 3834 animus
969 3770 1013 3835 ad
1036 3791 1142 3835 meam
1166 3770 1372 3851 sententiam,

647 3870 752 3946 Quam
775 3870 906 3937 minimo
931 3878 1059 3954 sumptu
1082 3872 1183 3936 filiam
1205 3878 1241 3935 ut
1262 3878 1397 3954 nuptum
1421 3867 1575 3951 daremss).

632 3972 776 4037 Videsne
800 3974 967 4039 sordidum
989 3974 1175 4040 hominem?
1219 3977 1373 4040 Attamen
1400 3993 1465 4038 non
1494 3973 1630 4038 dubium
1660 3980 1716 4054 est,

529 4074 606 4157 quin
635 4093 739 4157 aeque
768 4097 807 4141 ac
843 4084 939 4161 pater
968 4098 1081 4160 agrurn
1110 4099 1202 4144 suum
1233 4080 1343 4144 colens
1380 4084 1529 4143 contente
1565 4078 1716 4158 quamvis

631 4301 653 4367 ¹)
670 4299 706 4367 11,
724 4301 749 4368 4,
768 4315 808 4354 vs.
827 4301 861 4354 33
879 4315 920 4368 sq.
940 4329 971 4340 -
990 4303 1012 4370 ²)
1031 4301 1088 4368 IV,
1106 4302 1135 4369 6,
1154 4301 1179 4354 4.
1199 4330 1230 4338 -
1251 4303 1271 4368 ³)
1290 4300 1326 4368 Il,
1345 4301 1370 4369 8,
1389 4301 1453 4355 inde
1472 4300 1508 4355 ab
1528 4301 1586 4353 init.

261 5041 761 5588 ll
1677 5167 1748 5588 r
