4018 5606
1078 396 1121 459 26

501 598 640 662 caeteris
664 599 798 682 dignam
822 601 944 685 (censui,
967 623 1064 684 quarn
1087 623 1152 668 non
1176 601 1273 668 modo
1295 601 1447 665 iuventus
1467 599 1547 662 haec
1563 601 1669 672 nostra,

501 701 734 766 verumetiam
758 709 852 768 aetas
876 706 979 769 omnis
1002 706 1244 772 studiosissime
1265 708 1443 787 expeteret,
1467 716 1669 778 necunquam
1754 773 1755 794 ξ

501 801 542 866 de
565 804 716 868 manibus
740 812 927 890 exponeret.
972 809 1084 890 Neque
1111 808 1146 873 id
1169 808 1253 873 adeo
1276 805 1405 870 iniuria.
1450 804 1534 870 Nam
1556 803 1671 885 praetor
1754 811 1755 820 ¹

501 903 654 972 dictionis
676 927 779 989 genus
802 929 877 973 vere
900 912 1099 994 Romanurn,
1123 916 1192 976 tota
1214 908 1332 975 Ethiea
1355 927 1448 990 esse,
1476 911 1508 971 et
1530 902 1572 968 ad
1593 899 1672 985 pudi-

501 1028 557 1073 cos
580 1009 692 1092 (unum
715 1010 893 1078 altemmve
918 1014 1023 1078 locum
1046 1014 1193 1097 excipias
1216 1012 1314 1079 modo
1325 1011 1349 1094 ¹)
1381 1011 1596 1089 honestosque
1617 1023 1672 1068 mo-

501 1131 553 1176 res
576 1111 665 1176 facta
687 1113 792 1180 videri
814 1123 931 1199 potest.
976 1118 1040 1195 Qui
1062 1118 1147 1183 enim
1171 1117 1281 1198 aliter,
1306 1116 1458 1194 obsecro,
1483 1107 1591 1176 induci
1611 1123 1672 1189 pos-

480 1213 577 1298 ¹sim,
612 1234 709 1296 quam
742 1215 799 1282 diu
832 1217 865 1282 in
899 1219 1008 1284 animo
1042 1219 1148 1286 habeo
1182 1225 1232 1284 tot
1265 1216 1466 1300 singularias
1500 1208 1672 1286 sententias,

500 1323 626 1382 tantum
649 1319 870 1402 exemplorum
898 1320 1037 1402 denique
1066 1322 1111 1387 ad
1139 1321 1241 1386 vitam
1270 1327 1357 1386 recte
1382 1325 1483 1401 atque
1507 1315 1615 1382 ordine
1635 1309 1673 1372 in·
1766 1347 1767 1360 ,

501 1419 698 1486 stituendam
722 1422 995 1488 conducentium?
1018 1431 1078 1490 etc.

603 1524 835 1589 Verumtamen
858 1525 1091 1608 huncquoque
1114 1527 1207 1592 vides
1229 1527 1310 1591 nihil
1332 1525 1395 1591 nisi
1419 1523 1568 1602 ethicam,
1591 1533 1672 1598 (11111111

501 1625 595 1710 dicit,
630 1625 763 1692 fabulae
793 1627 858 1716 sim
889 1630 1102 1711 contemplari
1133 1635 1183 1712 et,
1216 1629 1304 1711 quod
1337 1623 1469 1708 quidem
1500 1613 1674 1704 reliquiad

500 1749 598 1793 uuum
622 1749 733 1794 omnes
756 1728 842 1793 idern
864 1729 933 1795 lere
955 1730 1135 1814 faciebant,
1158 1732 1212 1812 qui
1236 1731 1278 1796 de
1300 1729 1473 1796 Aulularia
1496 1721 1674 1794 sententiam

502 1831 638 1914 ferrent,
667 1831 798 1898 minime
821 1832 964 1915 gentium
988 1833 1022 1898 id
1046 1833 1222 1917 respicere,
1251 1833 1400 1916 qualibus
1424 1829 1562 1897 vinculis
1585 1831 1614 1891 et
1634 1841 1675 1885 ra·

501 1934 644 1999 tionibus
676 1941 901 2016 argumentum
932 1955 1004 2000 eum
1035 1935 1116 2019 ipsis
1135 1941 1265 2020 *poetae
1291 1936 1493 2020 temporibus
1525 1939 1556 1998 et
1581 1944 1674 1993 rerum

500 2038 703 2120 publicarum
725 2037 912 2102 conditione
935 2038 1126 2122 cohaereat,
1155 2045 1321 2121 tamquam
1343 2038 1379 2104 si
1403 2038 1542 2104 Plautus
1570 2028 1675 2096 nullius

503 2140 639 2222 aetatis,
669 2140 788 2205 nullius
819 2140 981 2221 civitatis,
1011 2142 1133 2207 nullius
1164 2142 1397 2226 propemodum
1427 2140 1536 2223 gentis
1566 2133 1676 2208 luisset,

499 2263 603 2325 neque
634 2244 760 2326 potius,
794 2243 866 2326 ipse
897 2264 1007 2310 eorum
1035 2245 1139 2310 instar
1175 2244 1333 2326 virorum,
1367 2243 1422 2325 qui
1465 2243 1552 2308 idem
1592 2238 1677 2300 antea

502 2352 632 2412 strenue
654 2345 905 2430 contendebant,
929 2348 991 2412 hac
1011 2356 1109 2430 atque
1132 2347 1207 2412 aliis
1228 2346 1349 2412 fabulis
1366 2347 1493 2412 illustro
1508 2338 1676 2422 exemplum

501 2448 621 2515 amoris
651 2448 778 2532 patriae
808 2439 956 2516 omnibus
979 2450 1044 2516 illis
1067 2449 1271 2534 praebuisset
1293 2449 1450 2514 Romanis
1473 2447 1593 2533 poetis,
1621 2434 1676 2520 11111,

500 2552 570 2618 eius
593 2551 743 2634 vestigiis
764 2552 913 2636 ingressi,
937 2552 1016 2618 nihil
1039 2573 1179 2635 unquam
1202 2553 1368 2618 habebant
1391 2553 1547 2633 sanctius,
1570 2542 1629 2610 nisi
1650 2542 1678 2602 ut

502 2654 622 2719 civium
643 2674 750 2720 mores
774 2655 976 2738 corrigerent
1003 2664 1035 2721 et
1063 2656 1106 2720 ad
1134 2657 1300 2737 antiquam
1324 2660 1518 2721 revocarent
1540 2640 1677 2730 simplici-

500 2763 609 2824 tatem.

603 2861 713 2944 Atqui,
736 2883 802 2928 non
825 2863 976 2945 neglecta
999 2861 1140 2928 omniurn
1162 2864 1293 2927 illarum
1317 2882 1423 2928 rerum
1445 2862 1534 2928 iusta
1553 2853 1677 2925 ratione,

500 2984 541 3027 ex
565 2964 664 3028 animi
688 2965 750 3030 mei
774 2965 951 3045 sententia,
979 2966 1219 3048 praetermissis
1248 2967 1328 3046 illis,
1357 2984 1441 3046 quae
1464 2949 1677 3030 tantummodo

499 3067 544 3130 ad
576 3067 807 3132 delectandum
837 3069 955 3148 vulgus
986 3073 1083 3149 atque
1117 3067 1160 3132 ad
1195 3067 1411 3151 mitigandum
1440 3067 1677 3149 praeceptorum

501 3260 707 3268 ——-—-————

514 3363 521 3375 ’
605 3375 625 3444 ¹)
645 3375 763 3430 Omnino
783 3376 874 3432 nullas
898 3376 1000 3443 opinor
1025 3375 1142 3430 inveniri
1167 3376 1367 3444 ambiguitates
1386 3376 1431 3430 vel
1450 3371 1640 3430 obscenitates
1656 3359 1679 3412 in

499 3463 646 3519 Aulularia
667 3463 719 3516 nisi
738 3462 802 3517 has:
821 3463 856 3528 IL
875 3463 900 3531 2,
920 3463 965 3532 73;
983 3462 1017 3531 11,
1036 3463 1061 3530 4,
1081 3465 1097 3516 6
1116 3476 1176 3531 sqq.
1196 3467 1225 3516 et
1243 3464 1285 3530 25,
1304 3462 1351 3517 ubi
1371 3463 1406 3516 de
1425 3467 1542 3530 gutture
1561 3449 1681 3511 inferiore

500 3550 653 3608 cavillatur
671 3564 793 3620 coquus,
812 3549 861 3617 IV,
871 3549 895 3616 4,
916 3549 949 3602 10
967 3548 994 3600 ln
1008 3563 1063 3617 quo
1077 3549 1141 3602 loco
1154 3546 1324 3616 ambiguitas
1342 3549 1414 3602 latet
1426 3549 1454 3600 in
1466 3547 1554 3602 verbo
1575 3531 1680 3612 „pone“‚

499 3642 585 3705 atque
605 3635 670 3690 ibid.
692 3651 732 3688 vs.
752 3637 795 3690 20.
839 3634 934 3702 Atque
961 3633 1099 3688 mehercle
1127 3649 1161 3688 ex
1191 3633 1235 3687 his
1266 3649 1377 3702 quoque
1403 3635 1496 3688 denuo
1515 3623 1680 3694 intelligitur,

501 3726 677 3790 quantopere
708 3721 811 3775 Plauto
842 3723 957 3790 gravius
989 3721 1059 3777 illud
1090 3720 1235 3775 consilium
1265 3736 1344 3775 snum
1366 3735 1449 3774 curae
1473 3719 1566 3775 fuerit.
1613 3709 1681 3764 Idem

501 3808 591 3862 sentit
608 3807 735 3876 Bromig,
763 3823 846 3875 quum
864 3807 941 3862 dicat
959 3808 977 3860 l.
996 3808 1014 3861 l.
1033 3823 1061 3875 p.
1081 3808 1119 3861 72*
1138 3805 1207 3861 Was
1226 3806 1271 3860 die
1291 3821 1382 3874 ganne
1401 3805 1557 3874 Handlung
1574 3789 1681 3854 betrifft.

499 3909 533 3947 so
554 3891 649 3947 finden
673 3891 724 3948 arul'
744 3894 784 3947 sie
806 3894 841 3947 im
864 3892 1060 3962 Allgemeinen
1084 3893 1129 3947 die
1155 3891 1362 3947 Schlnssworte
1381 3893 1409 3945 in
1429 3892 1484 3945 den
1504 3885 1615 3958 Captivi
1632 3878 1681 3933 Ass·

499 3980 656 4048 wendung:
689 4009 719 4017 —
752 3980 804 4047 ,ad
831 3979 951 4046 pudicos
969 3994 1061 4033 mores
1079 3977 1150 4032 haec
1168 3976 1265 4032 fabula
1289 3977 1366 4032 sacta
1389 3981 1450 4045 est,
1482 3991 1573 4046 neque
1592 3973 1618 4025 in
1636 3964 1682 4059 11110

464 4132 466 4140 ¹
500 4065 612 4120 subitae
633 4065 824 4134 cogitationes
843 4064 1006 4133 (legendum
1024 4069 1080 4119 est:
1100 4064 1339 4132 subegitationes)
1358 4071 1436 4130 sunt,
1456 4065 1568 4119 nullave
1587 4055 1682 4111 amal¹⁰

500 4168 551 4206 neo
571 4151 651 4219 pueri
669 4151 845 4219 suppositio,
870 4166 921 4204 nee
944 4151 1055 4218 argenti
1079 4150 1280 4204 circumductio
1306 4165 1396 4218 neque
1415 4148 1462 4205 ubi
1482 4163 1579 4204 amans
1597 4135 1683 4196 adole·
1766 4211 1767 4232 Χ

501 4253 582 4292 seens
601 4241 725 4291 scortum
744 4236 845 4291 liberet
863 4236 935 4289 clam
953 4252 1032 4290 snum
1052 4237 1183 4303 patrem.“
1231 4234 1272 4289 of.
1298 4233 1406 4290 Wolflii
1430 4236 1635 4305 Prolegomeua
1651 4215 1683 4273 td
1766 4233 1767 4256 1

502 4323 675 4379 Aululariam
693 4340 761 4392 pag.
780 4324 821 4376 22.
