4018 5606
1121 363 1163 426 12

546 587 615 632 rem
644 569 710 658 Lar
740 587 806 632 non
836 569 940 634 solum
961 567 1089 634 incusat
1111 568 1211 650 istos,
1240 567 1300 633 sed
1329 567 1431 632 etiem
1452 565 1659 632 vehementer
1677 584 1720 648 pu-

546 668 637 750 nivit,
660 669 709 734 ita
731 674 766 734 ut
788 675 924 735 mortem
940 669 1079 736 obierint
1098 670 1219 736 misera
1238 669 1341 735 iuncti
1360 668 1441 752 vita,
1463 667 1722 750 quemadmodum

546 771 613 835 iarn
635 771 882 838 Tenbmannius
912 771 946 836 in
976 773 1188 838 annotatione
1215 771 1260 836 ad
1289 791 1338 836 vs.
1360 771 1404 836 20
1427 770 1527 835 dixit:
1560 769 1638 836 Wer
1660 769 1722 834 Gott

546 873 626 951 ebrt,
654 872 718 938 den
741 873 812 939 ebrt
834 895 867 940 er
890 873 1023 941 wieder.
1069 873 1136 940 Sed
1159 894 1256 939 avum
1279 879 1311 938 et
1332 877 1462 958 patrem
1482 872 1650 938 Euclionis
1670 889 1723 936 una

545 994 618 1039 cum
647 975 709 1041 hoc
743 975 815 1059 ipso
845 997 866 1041 a
896 977 1039 1043 moribus
1067 977 1166 1042 avitis
1199 995 1317 1042 revera
1353 977 1452 1060 plane
1490 975 1666 1058 defecisse,
1691 992 1722 1038 er

548 1079 684 1161 prologo
715 1078 797 1144 satis
828 1079 946 1163 liquet,
978 1078 1065 1145 unde
1087 1079 1172 1144 enim
1194 1078 1290 1144 aliter
1312 1077 1382 1143 fieri
1404 1078 1581 1162 potuisset,
1614 1083 1650 1142 ut
1670 1076 1724 1139 Lar

552 1178 593 1244 de
616 1180 739 1247 minore
761 1187 802 1248 ab
826 1181 893 1246 illis
915 1181 979 1248 sibi
1001 1181 1113 1247 habito
1136 1181 1259 1246 bonore
1283 1186 1532 1262 conquereretur
1542 1179 1589 1262 1)?
1632 1179 1723 1259 Atque

549 1281 636 1347 unde
666 1283 851 1368 putaveris,
885 1284 1102 1369 perniciosam
1132 1283 1229 1350 istem
1259 1281 1529 1366 depravationem
1557 1282 1724 1368 profectam

546 1402 635 1466 esse,
666 1385 730 1450 nisi
754 1385 891 1469 abipso
914 1385 970 1451 illo
994 1385 1163 1464 thesauro,
1193 1404 1288 1467 quem
1312 1384 1346 1449 in
1369 1385 1445 1449 aula
1468 1384 1633 1450 conditum
1655 1401 1724 1448 avus

546 1487 624 1552 Lari
646 1488 844 1553 servendum
868 1487 1099 1554 commiserat?
1137 1486 1254 1552 Jcmne
1277 1486 1383 1568 vides,
1406 1487 1568 1568 quomodo
1591 1507 1643 1551 res
1664 1501 1724 1549 sese

547 1589 691 1655 habeant
717 1595 750 1654 et
777 1609 875 1671 quam
902 1589 1015 1672 magni
1044 1590 1198 1656 momenti
1224 1589 1302 1655 cula
1325 1588 1385 1671 sit,
1415 1587 1502 1654 unde
1528 1594 1598 1654 tota
1624 1586 1725 1652 fabula

546 1711 663 1758 nomen
686 1692 839 1775 peteret?
880 1693 944 1758 Res
973 1693 1045 1758 sine
1068 1692 1168 1758 dubio
1196 1699 1261 1758 est:
1290 1692 1412 1757 Proavi
1435 1690 1602 1758 Euclionis
1628 1685 1725 1769 „tenui

548 1792 682 1877 oensn“,
706 1794 764 1859 scd
788 1793 964 1877 diligentes
987 1801 1097 1878 erant,
1127 1795 1215 1860 Deos
1242 1795 1298 1878 pio
1322 1794 1431 1860 animo
1455 1794 1598 1860 colentes
1621 1809 1725 1877 parro-

547 1916 608 1977 que
628 1896 785 1962 contenti:
811 1896 1023 1982 „Gaudentes
1044 1896 1222 1981 parvisque
1245 1896 1426 1978 sodalibus,
1450 1903 1482 1962 et
1497 1897 1567 1961 lare
1584 1891 1727 1973 eert0“²).

546 1999 575 2062 A
599 2018 662 2081 quo
685 1998 813 2065 demum
835 2019 923 2065 more
948 2000 1115 2082 digressus
1138 2020 1220 2065 arus
1242 2020 1308 2065 non
1331 1998 1435 2065 solum
1457 1998 1645 2064 thesaurum
1667 2014 1727 2060 cor·

547 2102 630 2167 rasit
652 2108 750 2182 atque
774 2102 882 2167 medio
905 2102 938 2168 in
962 2102 1034 2168 socc
1057 2103 1151 2186 qnasi
1174 2103 1235 2168 sub
1261 2102 1368 2186 Laris,
1393 2120 1488 2184 quem
1507 2101 1647 2166 invicem
1663 2116 1729 2178 neg-

548 2204 650 2286 ligere
673 2210 835 2288 coepcrat,
858 2203 961 2271 oculis
985 2205 1127 2290 defodit,
1158 2205 1218 2270 sed
1241 2205 1342 2270 etiam
1365 2205 1527 2288 extemplo
1550 2210 1618 2268 tam
1642 2202 1730 2282 dege·

546 2311 659 2372 nerato
682 2306 791 2372 animo
815 2325 850 2371 se
873 2307 1042 2390 praebuit,
1070 2314 1106 2374 ut
1128 2327 1187 2374 suo
1218 2307 1282 2391 ipsi
1305 2307 1371 2373 filio
1394 2326 1510 2371 aurum
1533 2320 1729 2387 nequaquam

545 2407 693 2474 indicare
714 2408 829 2492 vellet3
856 2428 940 2491 quae
970 2409 1161 2491 depravitas
1191 2429 1257 2474 una
1288 2428 1360 2473 cum
1389 2408 1452 2474 Dei
1481 2406 1686 2490 negligentia
1705 2403 1732 2466 ir

546 2510 672 2577 familia
695 2530 796 2593 usque
818 2512 1050 2596 praevalebat,
1080 2512 1185 2578 donec
1206 2511 1275 2576 filia
1297 2510 1430 2576 tandem
1458 2511 1625 2577 Euclionis
1656 2509 1732 2571 Lare

546 2614 681 2696 antiqua
710 2613 835 2697 pietate
862 2614 977 2680 iterum
1005 2617 1136 2699 placato
1161 2615 1203 2680 ab
1232 2633 1272 2679 ec
1295 2613 1500 2697 impetravit,
1524 2621 1568 2696 ut,
1591 2611 1733 2677 redemta

546 2716 773 2782 exsecratione
797 2735 879 2798 quae
902 2738 961 2801 pcr
983 2724 1049 2784 tres
1071 2717 1301 2801 generationes
1332 2715 1491 2781 familiam
1519 2717 1733 2799 oppresserat,

547 2839 608 2884 sua
630 2819 741 2901 gratia
762 2825 856 2902 peter
878 2818 1066 2884 thesaurum
1090 2821 1197 2886 denuc
1219 2819 1386 2903 reperiret,
1410 2817 1478 2901 scd,
1502 2817 1590 2900 quod
1605 2815 1735 2880 minime

549 2927 638 2987 certo
661 2921 805 3002 iniquum
826 2927 907 3004 erat,
930 2941 995 2987 non
1018 2941 1077 2986 sno
1100 2923 1235 3006 proprio
1258 2921 1437 3003 commodo,
1462 2920 1521 2986 sed
1542 2919 1657 3003 potius

704 3043 787 3108 „quo
810 3043 883 3088 eam
905 3023 1036 3089 facilius
1058 3025 1202 3108 nubtum,
1226 3025 1254 3090 si
1277 3024 1387 3105 vellet,
1413 3022 1527 3088 daret“
1539 3022 1574 3106 ¹).

650 3125 704 3191 Sic
726 3126 866 3208 denique
889 3126 1013 3210 omnia,
1045 3147 1129 3210 quae
1160 3128 1205 3193 ad
1228 3126 1373 3193 fabulam
1395 3132 1543 3192 nostram
1564 3126 1738 3212 pertinent,

546 3229 632 3295 inter
655 3249 691 3294 sc
714 3229 836 3313 optime
860 3229 1032 3294 convenire
1054 3237 1154 3313 atque
1183 3230 1369 3296 arctissimo
1403 3228 1533 3294 vinculo
1564 3229 1740 3294 cohaerere

546 3353 567 3396 a
590 3332 718 3398 nemine
741 3332 809 3398 fere
832 3338 988 3415 negatum
1010 3332 1051 3397 iri
1067 3333 1286 3417 speraverim,
1312 3333 1410 3397 immo
1426 3333 1532 3398 exitus
1549 3331 1741 3398 comoediae

549 3437 604 3517 qui
635 3435 755 3518 iniquis
787 3435 927 3500 saeculis
957 3435 1093 3517 interiit,
1128 3436 1234 3518 qualis
1269 3455 1341 3502 esse
1373 3434 1536 3516 debuerit,
1571 3435 1669 3500 haud
1701 3434 1742 3496 ita

549 3539 687 3608 obscure
724 3538 923 3604 coniicietur.
985 3537 1051 3604 Sed
1084 3539 1147 3603 bac
1181 3539 1220 3603 de
1252 3557 1286 3603 re
1321 3538 1421 3622 infra,
1458 3558 1542 3602 nunc
1576 3557 1664 3605 vero
1688 3537 1745 3601 boo

547 3647 673 3707 tantum
696 3661 827 3706 monere
851 3642 966 3725 liceat,
993 3640 1072 3706 mihi
1100 3661 1197 3724 quum
1227 3661 1269 3706 ex
1291 3642 1444 3726 prologo,
1468 3647 1537 3706 tum
1559 3660 1601 3706 ex
1628 3641 1744 3707 fabula

547 3744 631 3827 ipsa,
654 3743 813 3828 imprimis
836 3745 906 3829 III,
933 3745 954 3809 5
977 3745 1105 3810 abunde
1134 3744 1216 3810 satis
1244 3764 1438 3827 persuasum
1468 3763 1558 3826 esse,
1587 3746 1748 3810 Plautum

548 3867 612 3912 non
635 3847 733 3912 modo
756 3846 818 3912 hoe
843 3848 877 3912 in
900 3847 1008 3912 animo
1031 3847 1196 3929 habuisse,
1219 3855 1255 3912 ut
1276 3848 1359 3912 vitia
1382 3845 1522 3913 hominis
1540 3847 1644 3912 avari
1669 3843 1748 3912 risui

548 3949 738 4033 praeberet,
770 3950 829 4014 sed
851 3951 961 4034 potius
984 3956 1019 4014 ut
1041 3951 1259 4016 Romanorum
1282 3970 1389 4017 mores
1411 3949 1677 4034 perstringeret,
1702 3947 1751 4031 qui

547 4050 677 4116 luxuria
700 4059 732 4118 et
762 4053 965 4120 abundantia
995 4053 1190 4119 labefactari
1221 4053 1415 4137 coepissent,
1439 4072 1560 4134 eosque
1583 4053 1634 4117 ad
1663 4055 1751 4118 Deos

665 4280 686 4347 1)
705 4277 780 4333 Prol.
800 4290 840 4330 vs.
859 4276 893 4332 15
910 4291 971 4344 sqq.
991 4305 1022 4316 -
1042 4279 1063 4346 2)
1082 4275 1150 4331 Hor.
1168 4274 1258 4344 Epist.
1277 4275 1303 4345 1,
1322 4277 1346 4344 7,
1366 4277 1408 4352 bit.
1421 4304 1454 4314 -
1473 4277 1495 4346 ⁸)
1509 4275 1636 4344 Prolog.
1655 4293 1702 4332 vs.
1716 4276 1751 4330 29,
