4018 5606
1051 379 1093 444 28

969 469 1174 478 -ψ

480 559 595 648 Livius
631 584 702 668 ipse
732 584 794 648 fert
806 583 845 665 ¹),
879 585 922 649 M.
951 586 1069 653 Porcio
1100 586 1225 651 Catone
1254 603 1294 649 ac
1321 585 1357 648 L.
1383 582 1523 647 Valerio
1553 583 1666 646 Flacco

478 706 541 752 css.
568 707 655 752 anuo
683 687 840 753 vicesimo
870 693 1043 771 postquam
1071 690 1141 754 lata
1168 689 1229 754 fuit
1257 688 1457 770 abrogatam
1489 705 1578 768 esse,
1611 683 1666 747 hoc
1762 763 1763 774 ἵ

477 797 544 872 est,
569 809 654 854 anno
677 790 740 856 558
764 811 795 874 p.
818 810 848 855 u
873 811 917 873 c.,
940 811 1025 871 quae
1047 791 1178 873 quidem
1201 811 1253 856 res
1276 789 1392 854 mirum
1415 794 1578 871 quantum
1600 805 1666 851 con-

478 892 569 958 venit
601 911 674 956 oum
707 892 839 958 fabulae
872 899 1004 958 nostrae
1038 901 1240 976 argumento.
1295 893 1461 958 Nimirum
1500 890 1590 956 haud
1625 889 1667 953 ita

478 996 578 1062 multo
601 1001 677 1078 post
700 996 806 1078 legem
830 997 1025 1079 abrogatam
1048 995 1130 1061 illud
1154 995 1282 1061 videtur
1297 995 1461 1076 evenisse,
1485 994 1576 1077 quod
1591 991 1667 1057 Cato
1720 980 1721 984 ¹

477 1097 550 1181 ipse
573 1098 746 1163 verebatur
754 1097 789 1180 ⁹),
814 1098 968 1164 videlicet
990 1104 1025 1164 ut
1047 1099 1177 1164 luxuria
1202 1099 1303 1183 ,ipsis
1319 1099 1471 1182 vinealia,
1496 1099 1582 1162 sicut
1603 1094 1667 1158 iera

395 1249 398 1255 ,
480 1201 604 1282 bestia,
636 1201 782 1285 irritata,
817 1200 935 1267 deinde
966 1203 1103 1284 emissa,
1138 1223 1265 1269 omnem
1298 1201 1478 1267 excederet
1511 1201 1667 1266 modum“.

393 1387 397 1396 Ι
481 1303 607 1380 Quodsi
637 1323 734 1368 unum
764 1305 943 1370 altemmve
975 1323 1095 1369 annum
1123 1304 1293 1371 addideris
1321 1325 1380 1388 per
1402 1305 1494 1387 quod
1518 1300 1667 1387 temporis

391 1399 394 1407 '
479 1405 621 1489 spatium
636 1407 713 1471 inde
730 1407 835 1490 alege
853 1407 961 1492 Oppia
977 1407 1139 1490 abrogata
1159 1407 1289 1472 luxuria
1312 1415 1507 1491 sumtusquc
1535 1408 1602 1472 iam
1627 1404 1668 1468 al·

479 1509 544 1575 tius
567 1510 730 1593 pullulare
752 1511 935 1594 coeperint,
963 1509 1109 1595 proxime
1139 1517 1225 1576 certo
1251 1532 1271 1575 a
1294 1511 1435 1577 veritate
1464 1510 1590 1592 aberit,
1619 1504 1667 1588 qui

478 1631 671 1696 persuasum
701 1612 765 1678 sibi
796 1613 933 1696 habeat,
964 1634 1029 1679 non
1060 1614 1207 1698 potuisse
1237 1614 1307 1680 fieri
1338 1621 1373 1679 ut
1401 1615 1543 1679 multum
1569 1628 1667 1692 neque

479 1723 556 1782 ante
585 1735 690 1797 neque
717 1721 792 1798 post
820 1735 941 1780 aunum
970 1717 1035 1780 560
1065 1716 1191 1800 scripta
1221 1716 1319 1782 fuerit
1347 1717 1524 1783 Aulularia
1532 1714 1557 1797 8)
1564 1765 1573 1798 ,
1614 1713 1667 1777 illa

480 1823 606 1901 aetate,
630 1817 684 1882 ubi
708 1816 769 1883 flos
792 1825 962 1900 poetarum
986 1818 1119 1902 (Plauti,
1142 1819 1248 1901 Ennii,
1272 1819 1421 1902 Caecilii)
1454 1819 1567 1902 fuit4),
1592 1818 1668 1883 duos

478 1921 578 2004 igitur
612 1940 717 1986 annos
752 1928 828 1987 ante
862 1922 1059 1987 Pseudolum
1093 1928 1218 2006 actam,
1253 1924 1341 2005 quod
1374 1923 1511 2008 quidem
1546 1946 1576 1990 a.
1608 1922 1667 1987 562

479 2025 601 2090 factum
633 2043 705 2090 esse
736 2025 792 2089 vix
821 2031 930 2109 potest
960 2025 1103 2092 dubitari
1112 2025 1156 2109 ⁶),
1191 2021 1288 2108 quam
1322 2027 1468 2094 fabulam
1501 2050 1523 2094 a
1554 2027 1667 2092 Plauto

502 2339 506 2344 ·
585 2324 605 2382 ¹)
624 2319 685 2376 Lib.
703 2320 750 2387 34,
774 2335 798 2374 c.
816 2319 844 2388 8,
863 2325 887 2385 5.
906 2320 935 2387 3,
960 2319 1004 2374 ed.
1024 2318 1110 2374 Drak.
1143 2348 1174 2360 -
1206 2321 1228 2388 ²)
1247 2319 1337 2390 ejusd.
1356 2318 1403 2374 lib.
1423 2336 1489 2390 cap.
1509 2322 1535 2390 4,
1556 2338 1581 2374 v.
1601 2318 1618 2373 i.
1639 2346 1666 2356 -

479 2411 500 2470 ³)
520 2409 564 2462 lle
583 2408 674 2474 ipsum
693 2403 881 2462 cumWolitio
894 2404 1029 2460 inhaere
1042 2405 1199 2476 convenire,
1218 2405 1266 2475 qui
1283 2404 1409 2462 libellum
1427 2409 1490 2464 eius
1509 2403 1667 2477 perlegerit,

481 2510 548 2563 pag.
567 2493 760 2560 reinventa,
790 2491 839 2546 ubi
861 2490 931 2546 haec
950 2492 1080 2561 exponit:
1113 2492 1171 2560 ,Ex
1196 2490 1324 2546 omnibus
1343 2491 1386 2547 his
1405 2498 1500 2562 patet,
1528 2486 1668 2547 maturiori

481 2579 594 2650 quidem
612 2583 642 2634 et
659 2578 740 2647 virili,
759 2579 810 2634 scd
828 2594 884 2633 non
903 2579 992 2647 senili,
1011 2594 1068 2633 non
1085 2577 1200 2633 iuvenili
1219 2582 1314 2632 aetate
1328 2577 1400 2633 hanc
1414 2577 1540 2636 fabulam
1560 2580 1668 2646 poetam

480 2665 589 2720 iecisse.
627 2663 756 2732 Accedit,
775 2664 909 2720 historice
928 2666 951 2720 si
970 2681 1027 2719 rem
1045 2651 1226 2732 spectaretis,
1245 2664 1331 2734 quod,
1350 2679 1423 2734 quae
1442 2666 1479 2721 de
1499 2668 1570 2722 luxu
1587 2664 1668 2718 iusto·

481 2766 536 2821 que
566 2752 671 2808 maiore
701 2756 793 2807 sumtu
823 2751 915 2806 acrius
933 2752 1130 2820 vituperantur
1147 2755 1232 2820 atque
1251 2750 1494 2822 perstringuntur,
1523 2767 1558 2808 ea
1582 2745 1668 2815 magis

481 2839 583 2894 cadere
607 2843 678 2906 puto
697 2839 725 2892 in
743 2838 851 2893 virilem
868 2837 963 2892 Plauti
981 2841 1115 2907 aetatem,
1142 2837 1171 2891 in
1194 2837 1263 2893 illud
1286 2837 1395 2905 imperii
1412 2837 1535 2894 Romani
1553 2842 1668 2902 tempus,

480 2939 536 2994 quo
564 2940 655 2980 rerum
676 2925 730 2980 iam
754 2924 840 2992 potiri
866 2928 1021 2991 coeperunt
1041 2923 1159 2979 Romani
1187 2939 1238 2991 per
1252 2911 1399 2994 ‘African
1430 2941 1482 2993 per
1500 2920 1668 2992 Hispaniam,

480 3011 678 3078 perstultum,
697 3027 749 3079 per
766 3010 872 3078 Asiam,
890 3010 918 3063 in
936 3010 992 3064 ista
1009 3014 1146 3079 tempora,
1171 3025 1243 3079 quae
1270 3014 1335 3064 sunt
1354 3009 1390 3065 ab
1408 3027 1483 3066 anno
1503 3013 1564 3066 200.
1583 3017 1668 3075 usque

481 3098 519 3152 ad
538 3112 640 3152 annum
659 3099 716 3152 190.
737 3113 761 3150 a.
781 3096 844 3150 Chr.
863 3095 906 3148 n.“
951 3097 991 3149 At
1015 3097 1051 3151 ds
1073 3096 1141 3164 illis,
1162 3111 1233 3166 quae
1253 3097 1287 3151 de
1307 3095 1402 3151 Plauti
1420 3101 1517 3153 aetate
1538 3091 1667 3153 Worffius

480 3183 608 3252 protulit,
628 3183 829 3238 discedendum
848 3180 929 3237 nohis
948 3182 1010 3250 erit,
1029 3183 1134 3252 quippe
1153 3196 1237 3251 quum
1255 3197 1289 3236 ex
1308 3181 1378 3236 satis
1395 3181 1480 3237 certis
1493 3175 1668 3240 testimoniis,

404 3278 407 3285 '
480 3285 587 3326 summo
615 3285 677 3325 cum
701 3268 826 3324 acumine
845 3285 863 3323 a
880 3267 1038 3324 Ritschelio
1057 3269 1086 3323 in
1105 3269 1303 3324 dissertatione
1323 3269 1358 3324 dc
1378 3275 1472 3324 aetate
1493 3267 1590 3325 Plauti
1609 3263 1669 3330 (Pa

479 3372 563 3426 rcrga
588 3372 616 3424 p.
641 3356 674 3410 47
696 3369 767 3426 sqq,
791 3354 924 3423 imprimis
948 3371 975 3423 p.
1001 3357 1043 3418 62)
1062 3355 1187 3423 collatis,
1210 3359 1297 3424 poeta
1325 3355 1400 3409 circa
1427 3354 1538 3412 initium
1566 3344 1667 3408 saeculi

480 3442 555 3498 sexti
573 3443 685 3498 videtur
704 3448 787 3498 natus
805 3457 876 3512 esse,
895 3442 936 3496 ita
953 3446 986 3498 ut
1004 3448 1114 3510 tempus
1139 3442 1259 3497 medium
1276 3442 1350 3496 iuter
1367 3457 1392 3496 a.
1409 3443 1464 3496 200
1481 3449 1513 3497 et
1532 3442 1584 3496 190
1601 3431 1669 3491 seni·

480 3529 535 3584 lem
554 3529 648 3584 Plauti
670 3534 792 3585 aetatem
819 3529 945 3599 proxime
974 3529 1115 3597 attingat,
1146 3544 1180 3583 ne
1211 3529 1302 3584 dicam
1331 3527 1546 3595 complectatur.
1596 3519 1667 3578 Frid·

479 3614 744 3670 Wlndischmannus
764 3620 864 3671 contra
882 3615 910 3669 in
928 3615 997 3670 Mus.
1015 3613 1104 3670 Rhea.
1124 3614 1146 3668 l.
1166 3613 1253 3682 (1832)
1272 3630 1300 3682 p.
1324 3609 1374 3667 124
1392 3613 1462 3668 haec
1481 3614 1594 3669 scribit:
1624 3605 1668 3676 „In

481 3701 646 3770 Aulularia,
674 3700 879 3771 Bacchidibus,
907 3701 1090 3769 Curculione,
1118 3700 1247 3768 Epidico,
1265 3699 1429 3768 Mercatore,
1447 3697 1625 3755 Mostellaria
1642 3692 1669 3744 et

481 3787 579 3842 Sticho
599 3803 642 3843 me
662 3786 730 3842 nihil
748 3788 888 3844 invenisse
906 3787 1007 3856 fateor,
1026 3789 1099 3843 unde
1118 3788 1153 3842 de
1172 3803 1267 3842 earum
1285 3785 1442 3841 fabularum
1460 3791 1589 3855 tempore
1608 3792 1670 3834 con·

480 3874 589 3930 iectura
618 3874 682 3942 capi
709 3875 831 3942 possit.“
871 3874 911 3929 At
934 3874 1106 3930 Petersenus
1128 3875 1156 3929 iu
1175 3874 1251 3929 Diar.
1264 3879 1321 3928 ant.
1339 3873 1413 3927 stud.
1432 3868 1611 3939 (zeitschrift
1628 3862 1670 3917 fiir

481 3959 527 4016 die
545 3959 928 4027 Alterthumswisrenschait)
947 3961 1015 4017 1836
1033 3977 1060 4028 p.
1079 3954 1132 4016 6'48
1150 3960 1299 4029 perpaucis
1318 3963 1426 4018 tantum
1445 3962 1569 4027 tangens
1588 3951 1669 4009 Aulu-

480 4047 580 4102 lariam
608 4047 691 4102 immo
722 4047 826 4115 primis.
850 4063 867 4102 a
897 4051 983 4115 poeta
1007 4047 1089 4102 initio
1112 4048 1175 4116 ipso
1194 4047 1322 4103 iuvenilis
1341 4045 1444 4100 aetatis
1462 4045 1549 4100 editis
1568 4036 1669 4097 sabulis

480 4147 543 4186 eam
562 4132 769 4188 attribuendam
787 4148 850 4188 esse
869 4133 978 4201 statuit,
999 4134 1083 4189 nullis
1101 4134 1214 4190 omniuo
1226 4133 1345 4188 adiectis
1364 4129 1537 4200 argumentis
1555 4134 1586 4185 et
1604 4135 1669 4180 sane

481 4223 658 4288 repugnante
678 4217 790 4274 tabulae
809 4219 932 4288 iugenio,
951 4225 982 4274 ut
1000 4235 1085 4288 supra
1103 4219 1254 4276 docuimus.

587 4307 608 4375 ⁴)
627 4305 689 4360 Cas.
702 4305 777 4360 Prol.
796 4322 837 4360 vs.
856 4306 897 4360 18.
918 4335 949 4345 -
969 4308 991 4374 ⁶)
1010 4304 1190 4362 ctRitschel.
1210 4307 1245 4362 de
1264 4308 1358 4360 aetate
1369 4304 1470 4372 Plauti,
1489 4294 1667 4365 inParcrgis·
