3878 5516
208 316 357 412 ’64

424 529 481 618 llis
507 526 646 607 Bofehle‚
673 526 789 591 uciche
814 525 945 590 Meister
960 525 1096 606 lacqucs
1113 526 1182 590 deni
1200 524 1650 607 Κ116166666666661666166111,

316 619 419 684 haben
457 618 659 684 Ahnlichlccit
691 617 748 680 rnit
783 617 842 679 den
876 615 1061 694 Aultrelgen,
1096 616 1212 680 welche
1247 616 1381 696 Congrio
1416 616 1478 679 und
1509 616 1651 681 Anthrax

316 710 404 774 ihren
428 708 675 788 Kllcheny'ungen
701 707 802 786 geben
838 705 888 785 (V.
921 711 994 783 390,
1025 704 1225 789 398-402).
1257 706 1559 784 Bedeutungsvoller
1588 707 1651 770 und

317 798 499 864 wirksnrner
515 797 583 860 sind
601 794 1122 875 6116611666(11611661606666166
1139 794 1185 858 uls
1202 795 1323 858 (liedes
1340 794 1487 858 Meisters
1503 795 1650 877 ι1666666,

315 889 362 952 616
386 887 510 952 werden
535 886 612 950 aber
635 886 733 949 durch
757 884 807 949 dic
832 885 919 948 Iterle
942 885 998 948 des
1022 884 1163 948 Anthrax
1187 884 1436 964 abgeschuecht.

302 1028 304 1034 ·
422 997 481 1060 Die
502 994 854 1074 Veruechslungssccne
880 993 931 1073 (V,
957 993 990 1068 3)
1016 992 1056 1056 161
1080 992 1150 1056 donn
1174 993 1307 1056 Plautus
1332 991 1560 1072 nachgebildet.

546 1156 726 1238 Harpagon.
1187 1154 1296 1219 Euclio
1322 1157 1362 1237 (v.
1390 1155 1477 1236 735).

364 1265 541 1330 Connnent-
561 1265 677 1328 abusor
710 1263 789 1326 ainsi
828 1263 867 1326 de
906 1281 957 1326 rna
1058 1262 1139 1340 Quid
1164 1281 1222 1343 ego
1246 1262 1286 1327 de
1312 1272 1344 1328 te
1375 1263 1544 1341 connexui,
1575 1262 1650 1326 adu-

318 1353 423 1433 bonte,
449 1359 481 1417 et
512 1353 711 1420 s'introduirc
742 1354 852 1433 expres
880 1352 956 1416 chez
1015 1352 1145 1432 1666666,
1171 1352 1253 1434 rnali,

320 1445 381 1508 nroi
404 1463 485 1524 pour
504 1462 552 1506 mc
572 1442 682 1521 trahir‚
702 1460 782 1523 pour
800 1460 849 1506 rne
864 1441 956 1522 y'ouer
1014 1441 1113 1518 Quam
1139 1442 1178 1505 ob
1202 1459 1268 1506 rern
1293 1442 1338 1506 ita
1361 1441 1491 1506 laceres.

319 1553 360 1597 un
385 1539 459 1598 tour
482 1534 520 1598 (16
544 1537 627 1596 66116
652 1533 789 1596 nature?

568 1656 692 1721 Valere.
1151 1655 1323 1738 Lyconides
1349 1660 1391 1739 (u.
1419 1658 1504 1738 734),

360 1817 365 1830 .
393 1818 399 1831 .
427 1817 432 1830 .
455 1765 486 1848 je
503 1785 542 1828 66
559 1784 639 1828 vcux
655 1765 743 1846 point
759 1763 797 1828 de
815 1764 952 1842 detours
1053 1763 1090 1828 Id
1114 1762 1261 1844 (lacinus)
1294 1782 1353 1845 ego
1382 1759 1442 1828 1661
1473 1769 1506 1828 61
1538 1763 1647 1830 fateor.

315 1862 348 1918 el
369 1873 445 1918 vous
471 1857 537 1918 6161·
554 1855 584 1917 16
605 1855 698 1916 chose
724 1904 864 1919 .....
889 1852 952 1918 Ahl
1055 1853 1106 1936 (V.
1134 1852 1223 1937 769.)
1249 1853 1350 1917 Sanus
1374 1858 1408 1917 tu
1441 1872 1501 1917 non
1533 1872 1566 1917 66
1597 1855 1649 1935 qui

314 1943 484 2024 Monsieur,
514 1945 546 2024 je
577 1945 637 2006 n'ai
672 1962 728 2024 pas
760 1941 872 2007 merite
902 1959 954 2006 ces
1009 1939 1109 2006 lurern
1134 1961 1184 2006 me
1209 1961 1310 2006 uocas¹

315 2052 402 2098 norns
444 2033 469 2096 11
494 2039 542 2097 661
566 2033 631 2096 urai
660 2051 721 2114 que
746 2032 801 2114 j'ai
826 2032 954 2096 conimis
1054 2031 1104 2113 (V.
1132 2033 1221 2112 738).
1248 2032 1363 2096 Fateor
1389 2051 1438 2095 me
1468 2033 1649 2114 peccavisse

316 2121 506 2186 6666116666
523 2141 634 2185 envers
648 2141 741 2201 voris3
759 2122 846 2200 runis,
861 2125 953 2201 apres
1010 2127 1040 2183 et
1067 2141 1116 2184 rne
1140 2121 1261 2202 culpam
1289 2123 1495 2186 conrneriturn
1519 2122 1600 2186 scio:

315 2218 396 2292 tout,
421 2231 472 2276 rna
495 2211 582 2276 16616
607 2219 656 2275 est
680 2211 901 2292 pardonnable.
1009 2210 1044 2273 ld
1061 2210 1649 2293 661661666616166666616,61661616

1010 2317 1111 2381 aequo
1136 2301 1279 2381 ignoscas
1303 2301 1387 2364 rnihi.

543 2427 724 2508 Harpagon.
1185 2426 1293 2490 Euclio
1317 2428 1360 2509 (v,
1386 2427 1472 2508 740).

359 2534 447 2612 Mais,
483 2534 617 2614 dis-nroi,
651 2536 704 2615 qui
738 2534 781 2598 t’a
811 2534 903 2614 porte'
935 2539 954 2599 e
1057 2531 1121 2597 Cur
1145 2534 1175 2598 id
1200 2534 1305 2598 ausu’s
1329 2533 1458 2598 lacere?

317 2629 401 2686 cette
426 2624 552 2688 action?

573 2731 695 2795 Valere.
1236 2732 1419 2814 Lyconides.

357 2836 408 2901 Un
434 2837 505 2901 dieu
539 2840 591 2919 qui
623 2846 714 2919 porte
745 2840 791 2903 les
823 2858 952 2905 excuses
1053 2839 1136 2902 Deos
1161 2839 1254 2902 credo
1280 2839 1429 2919 voluisse3
1446 2859 1519 2902 narn
1537 2839 1567 2902 ni
1585 2838 1648 2902 vel-

313 2926 433 2990 detout
451 2946 485 2990 ce
502 2929 575 3009 qu'il
587 2927 742 3006 faitione,
761 2928 924 2994 l'Arnour.
944 2982 949 2994 .
1011 2928 1086 3006 lent,
1110 2947 1170 2991 non
1194 2927 1294 3008 fieret,
1320 2927 1393 2994 scio.

312 3068 317 3079 .
347 3068 353 3080 .
380 3069 386 3080 .
418 3025 459 3094 et,
492 3036 570 3098 pour
600 3019 671 3081 bien
707 3017 795 3098 faire,
829 3019 849 3082 il
884 3018 952 3082 faut
1052 3017 1102 3099 (V.
1130 3018 1231 3098 745),
1259 3069 1265 3082 ,
1292 3018 1391 3082 viio.
1420 3018 1645 3082 ,antorisfeci

314 3124 375 3188 que
400 3125 475 3169 voris
502 3125 567 3170 ines
590 3107 782 3171 l'uccordien
1051 3106 1101 3188 (V.
1129 3108 1216 3189 757).
1243 3106 1304 3172 Sed
1330 3125 1431 3171 ineam
1456 3126 1524 3171 esse
1557 3126 1646 3189 opor·-

1007 3201 1076 3259 tere
1099 3197 1246 3260 arbitror.

538 3303 719 3386 Harpagon.
1178 3304 1287 3368 Euclio
1312 3304 1352 3387 (v.
1381 3306 1469 3386 769).

354 3412 398 3474 La
418 3411 543 3491 justice,
567 3411 707 3492 pendord
731 3409 872 3490 61166616,
902 3430 950 3476 rne
1050 3411 1119 3474 Jarn
1145 3412 1271 3494 quidem
1295 3411 1399 3476 hercle
1431 3413 1527 3478 lead
1555 3432 1646 3494 prae-

313 3520 351 3562 va
376 3499 453 3564 faire
477 3504 580 3565 raison
606 3501 644 3564 de
669 3506 747 3564 tout.
1005 3505 1104 3564 torenr
1123 3502 1242 3583 rapiam
1260 3509 1292 3566 et
1309 3503 1364 3566 tibi
1382 3503 1516 3568 scribam
1533 3503 1644 3567 dicarn.

569 3627 690 3690 Valere.
1149 3627 1323 3709 Lyconides
1349 3629 1388 3710 (v.
1417 3631 1504 3709 806).

358 3733 457 3796 Darne
482 3733 600 3796 Claude
627 3734 688 3797 sait
720 3734 749 3798 la
780 3735 880 3799 verite
911 3735 949 3800 dc
1049 3735 1189 3816 Spatiurn
1208 3735 1236 3797 61
1255 3736 1336 3799 dabo
1356 3735 1538 3818 exquirendi

308 3828 392 3886 cette
417 3829 586 3902 aventure3
612 3829 644 3886 et
678 3824 736 3888 elle
767 3832 842 3906 peut
872 3844 949 3889 vous
1004 3824 1109 3888 ilicum
1133 3822 1250 3888 lactum
1277 3844 1314 3888 cx
1337 3832 1453 3905 gnatae
1474 3825 1645 3907 pedisequa

260 3935 261 3938 ¹
311 3912 427 3975 rendre
451 3910 650 3992 tenroignnge
677 3965 682 3978 .
710 3966 716 3978 .
744 3965 749 3977 .
1004 3915 1125 3978 nutrice
1143 3933 1219 3978 anu:
1241 3933 1278 3977 ea
1296 3933 1360 3978 rern
1377 3916 1472 3979 novit.

539 4037 719 4120 Harpagou.
1178 4039 1287 4104 Euclio
1314 4041 1355 4112 (v.
1383 4041 1471 4119 796).

354 4143 780 4226 Ociollautredisgrecel.
808 4198 813 4209 .
840 4147 948 4210 ,Ren-
1048 4147 1086 4211 Ei
1120 4148 1204 4225 nrihi,
1245 4148 1327 4228 quod
1362 4165 1420 4227 cgo
1453 4147 1573 4210 facinus
1606 4165 1644 4210 ex

308 4237 492 4315 gregenrcnt
516 4236 555 4299 (16
579 4236 656 4299 rnall
681 4241 817 4299 surcrolt
840 4235 948 4299 dede·
1003 4237 1056 4302 ted
1081 4236 1200 4301 audio?
1631 4279 1632 4282 =

211 4343 213 4354 ⁴
308 4325 444 4405 sespoir!
1046 4327 1096 4407 (V.
1124 4327 1214 4405 800).
1401 4325 1484 4390 Perii
1510 4325 1642 4406 oppido:

1002 4416 1051 4478 lta
1075 4415 1149 4479 rnihi
1174 4416 1213 4479 ad
1238 4415 1353 4477 malurn
1378 4415 1479 4478 rnalue
1505 4435 1556 4480 res
1575 4414 1643 4497 plu-

1001 4524 1110 4569 rumae
1134 4524 1168 4568 se
1192 4504 1399 4584 adglutinant.
1602 4511 1605 4518 '

413 4646 571 4710 thhrend
595 4647 635 4708 irn
660 4646 793 4710 Plautus
817 4646 874 4710 das
899 4646 1174 4713 hlissverstendnis
1208 4648 1361 4711 zunechst
1384 4649 1415 4712 in
1449 4649 1556 4728 Beaug
1590 4648 1645 4711 auf

304 4737 366 4800 'den
390 4735 540 4818 Geldtopl
561 4735 625 4800 sich
651 4736 711 4800 liist
737 4736 787 4819 (V.
815 4737 1014 4824 730-776)‚
1040 4739 1122 4804 daun
1157 4739 1188 4802 in
1219 4737 1326 4820 Bczug
1356 4737 1412 4803 auf
1438 4739 1488 4802 die
1516 4737 1643 4802 Phedra
