4018 5606
502 587 531 654 5.
546 587 588 652 At
611 609 699 672 vero,
723 609 763 654 ne
786 589 874 654 cives
897 589 945 653 rei
968 589 1119 672 publicae
1143 589 1311 653 Romanae
1334 587 1391 651 illa
1413 605 1568 669 generum
1592 593 1623 651 ct
1644 585 1684 649 rci

546 691 717 756 familiaris
741 691 927 756 differentia
950 691 982 755 in
1008 691 1079 756 dics
1101 690 1209 772 magis
1232 690 1316 755 inter
1340 711 1376 754 se
1400 689 1635 769 abalienentur,
1656 686 1684 750 id

545 795 720 878 praecipue
743 800 852 876 urget,
874 799 910 857 ut
933 793 1103 858 divitiores
1127 794 1160 858 in
1183 793 1422 858 matrimonium
1452 791 1573 856 ducant
1595 789 1685 871 virgi-

545 916 602 961 nes
626 896 793 962 indotatas
810 903 842 960 et
864 896 994 980 puellae
1011 896 1147 962 dotatae
1168 895 1418 979 pauperioribus
1441 894 1573 959 nubant.
1618 893 1685 957 Jam
1758 983 1759 988 γ

548 1020 625 1064 vcro
649 999 832 1081 audiamus,
856 1019 941 1080 quae
957 1005 1056 1082 po‘dta
1072 999 1143 1083 ipse
1158 998 1332 1080 Megadori
1356 998 1406 1063 sui
1430 1015 1485 1062 ore
1502 997 1544 1062 de
1567 993 1685 1077 gravis-

548 1102 632 1166 sima
654 1121 689 1166 re
713 1101 778 1166 ista
801 1101 970 1182 loquatur:

606 1205 705 1287 Nam3
727 1225 813 1269 meo
837 1203 996 1284 quidem
1019 1205 1170 1288 animo,
1195 1205 1223 1270 si
1247 1204 1480 1290 idemfaciant
1503 1201 1633 1284 caeteri,

609 1306 840 1391 Opulentiores
865 1307 1103 1390 opulentiorum
1127 1307 1213 1372 filias

608 1409 652 1474 Ut
674 1409 844 1474 indotatas
868 1408 990 1474 ducant
1013 1429 1132 1474 uxores
1156 1410 1302 1494 domum,

609 1513 658 1576 Et
681 1513 809 1576 multo
831 1511 907 1575 liat
929 1512 1082 1578 civitas
1106 1513 1364 1595 concordior,

609 1614 656 1679 ut
680 1613 848 1678 invidia
871 1635 943 1679 nos
965 1616 1113 1680 minore
1137 1623 1311 1700 utamur,
1334 1616 1629 1698 quamutimur3

611 1717 653 1780 Et
675 1716 752 1782 illac
775 1718 895 1782 malam
919 1739 986 1783 rem
1009 1725 1165 1800 metuant,
1190 1739 1287 1800 quam
1310 1725 1465 1802 metuunt,
1488 1717 1610 1801 magis;

608 1821 650 1886 Et
672 1840 732 1885 nos
755 1820 877 1886 minore
902 1828 1007 1887 sumtu
1031 1822 1141 1904 simus,
1165 1843 1262 1904 quam
1286 1841 1407 1887 sumus.

610 1924 656 1987 In
680 1923 893 1987 maximam
930 1924 1027 1989 illuc
1061 1925 1201 2008 populi
1224 1931 1383 2009 partem
1407 1931 1466 1989 est
1489 1926 1684 2008 optimum.

609 2029 646 2090 In
668 2025 840 2108 pauciores
865 2025 983 2090 avidos
1005 2026 1177 2091 altercatio
1202 2033 1268 2107 est;

609 2128 752 2204 Quorum
775 2128 893 2193 animis
917 2129 1042 2212 avidis,
1067 2136 1165 2223 atque
1188 2130 1434 2196 insatietatibus

608 2231 724 2312 Neque
747 2232 815 2314 lex,
843 2251 947 2313 neque
974 2238 1062 2296 tutor
1090 2252 1208 2315 capere
1237 2239 1289 2298 est
1311 2233 1365 2316 qui
1389 2235 1494 2317 possit
1516 2235 1648 2300 modum
1659 2234 1690 2318 ¹).

551 2336 657 2416 Atque
681 2334 797 2398 iterum
822 2335 863 2398 de
886 2334 1093 2400 mulieribus:
1230 2333 1235 2344 '

609 2438 757 2518 Namque
781 2436 842 2501 hoc
865 2437 919 2518 qui
943 2437 1049 2502 dicat:
1077 2438 1148 2515 Quo
1172 2438 1251 2504 illae
1274 2440 1395 2505 nubent
1419 2440 1538 2505 divites

608 2541 770 2622 Dotatae,
795 2539 822 2604 si
846 2540 933 2605 istud
957 2541 1007 2605 ius
1030 2541 1230 2624 pauperibus
1252 2543 1409 2626 ponitur?

566 2687 569 2694 -
608 2645 679 2722 Quo
704 2644 793 2708 lubet
815 2644 957 2726 nubant,
981 2646 1059 2709 dum
1083 2644 1142 2710 dos
1165 2664 1205 2708 ne
1230 2645 1286 2710 liat
1310 2665 1428 2710 comes.

608 2748 679 2812 Hoc
703 2745 730 2811 si
753 2745 800 2810 ita
824 2746 898 2826 fiat,
922 2767 1047 2813 mores
1071 2747 1259 2812 meliores
1283 2749 1362 2813 sibi

608 2851 757 2914 Parent
779 2871 848 2932 pro
873 2850 965 2914 dote
986 2869 1082 2931 quos
1102 2849 1246 2933 ferant,
1270 2871 1382 2932 quam
1402 2872 1502 2917 nune
1523 2852 1691 2934 ferunt²l⁸

550 2954 654 3019 Simili
678 2953 785 3035 modo,
809 2952 865 3016 ubi
889 2953 1004 3018 Euclio
1028 2973 1068 3017 cx
1091 2952 1271 3035 Megadoro
1296 2954 1439 3036 quaerit:

610 3057 675 3120 Cur
698 3057 797 3138 igitur
819 3055 930 3138 poscis
954 3074 1059 3118 meam
1083 3063 1217 3136 gnatam
1241 3057 1328 3121 tibi?

549 3159 628 3222 Hic:
652 3159 704 3223 Ut
726 3163 906 3241 propter
929 3159 1295 3242 mc,resp0ndet,tibi
1319 3161 1376 3225 sit
1399 3161 1562 3243 melius,
1582 3161 1696 3225 mihi-

975 3281 1047 3343 que
1076 3269 1310 3346 propterte
1335 3262 1536 3346 ettuos⁸).

549 3365 665 3429 Denuo
689 3364 888 3446 Megadorus
911 3364 1060 3430 Euclioni
1084 3363 1179 3428 dicit:

609 3468 713 3544 Quam
736 3468 781 3533 ad
803 3469 924 3552 probos
946 3467 1192 3552 propinquitate
1214 3469 1362 3553 proxime
1386 3475 1417 3534 te
1440 3469 1654 3552 adiunxeris,

610 3571 694 3635 Tam
717 3571 874 3655 optimum
898 3570 993 3652 est4).

506 3731 711 3740 .-—-.-——.-.--

611 3797 628 3856 ¹)
647 3794 696 3863 ΙΙΙ,
715 3795 739 3861 5,
758 3794 776 3847 4
794 3808 855 3862 sqq.
869 3792 1073 3861 -21111,5,13
1086 3807 1147 3862 sqq.
1158 3823 1187 3831 —
1200 3795 1220 3860 ³)
1239 3794 1275 3862 ll,
1293 3795 1318 3862 2,
1337 3796 1370 3849 46
1389 3809 1430 3864 sq.
1443 3824 1472 3832 —
1484 3797 1509 3858 ⁴)
1527 3795 1563 3862 ll,
1573 3795 1598 3863 2,
1609 3797 1645 3850 59
1657 3811 1696 3866 sq.

505 3881 592 3936 Simili
603 3881 723 3950 quadam
735 3881 842 3934 ratione
853 3879 888 3933 de
898 3879 1040 3934 mulierum
1050 3877 1237 3934 Romanorum
1248 3880 1357 3934 luxuria
1374 3880 1410 3932 M.
1421 3880 1535 3934 Portins
1554 3879 1627 3934 sato
1646 3898 1697 3949 pro

506 3967 598 4035 Oppia
615 3967 680 4034 lege
700 3966 813 4020 disserit
831 3965 906 4032 apud
925 3965 1047 4032 Livium,
1066 3964 1113 4020 lib.
1132 3964 1178 4034 34,
1198 3981 1259 4032 cap.
1278 3965 1302 4033 4,
1321 3970 1344 4030 §-
1365 3967 1398 4019 14
1416 3966 1460 4020 ed.
1480 3965 1580 4020 Drak.:
1609 3967 1696 4034 Hanc,

507 4053 607 4123 inquit,
626 4052 715 4120 ipsam
734 4051 968 4121 exaequationem
987 4051 1061 4118 (lege
1075 4049 1167 4118 Oppia
1177 4052 1316 4118 effectam)
1336 4068 1392 4105 non
1405 4048 1474 4120 sero,
1494 4051 1542 4105 illa
1560 4051 1697 4119 locuples.

507 4139 563 4192 Cur
580 4154 638 4192 non
656 4137 774 4206 insignis
793 4152 860 4190 auro
880 4140 909 4190 et
927 4151 1052 4204 purpura
1071 4137 1251 4204 conspicior?
1269 4152 1319 4192 cur
1336 4143 1490 4205 paupertas
1509 4137 1627 4190 aliarum
1646 4137 1697 4193 sub

507 4223 560 4278 hac
581 4224 654 4292 legis
673 4223 766 4290 specie
786 4223 865 4289 latet,
884 4225 923 4287 ut,
943 4221 1020 4290 quod
1038 4220 1142 4277 habere
1161 4238 1216 4277 non
1229 4227 1357 4290 possunt,
1376 4221 1531 4290 habiturae,
1550 4223 1573 4276 si
1591 4222 1699 4290 liceret,
1734 4225 1738 4232 '

506 4307 594 4364 fuisse
613 4307 780 4363 videantur?
797 4306 892 4362 Vultis
910 4306 965 4362 hoc
983 4313 1123 4361 certamen
1141 4306 1275 4362 uxoribus
1299 4308 1401 4362 vestris
1419 4309 1544 4375 iniicere,
1564 4308 1696 4377 Quirites,
